%YAML 1.1
%TAG !u! tag:unity3d.com,2011:
--- !u!29 &1
OcclusionCullingSettings:
  m_ObjectHideFlags: 0
  serializedVersion: 2
  m_OcclusionBakeSettings:
    smallestOccluder: 5
    smallestHole: 0.25
    backfaceThreshold: 100
  m_SceneGUID: 00000000000000000000000000000000
  m_OcclusionCullingData: {fileID: 0}
--- !u!104 &2
RenderSettings:
  m_ObjectHideFlags: 0
  serializedVersion: 8
  m_Fog: 0
  m_FogColor: {r: 0.5, g: 0.5, b: 0.5, a: 1}
  m_FogMode: 3
  m_FogDensity: 0.01
  m_LinearFogStart: 0
  m_LinearFogEnd: 300
  m_AmbientSkyColor: {r: 0.212, g: 0.227, b: 0.259, a: 1}
  m_AmbientEquatorColor: {r: 0.114, g: 0.125, b: 0.133, a: 1}
  m_AmbientGroundColor: {r: 0.047, g: 0.043, b: 0.035, a: 1}
  m_AmbientIntensity: 1
  m_AmbientMode: 3
  m_SubtractiveShadowColor: {r: 0.42, g: 0.478, b: 0.627, a: 1}
  m_SkyboxMaterial: {fileID: 0}
  m_HaloStrength: 0.5
  m_FlareStrength: 1
  m_FlareFadeSpeed: 3
  m_HaloTexture: {fileID: 0}
  m_SpotCookie: {fileID: 10001, guid: 0000000000000000e000000000000000, type: 0}
  m_DefaultReflectionMode: 0
  m_DefaultReflectionResolution: 128
  m_ReflectionBounces: 1
  m_ReflectionIntensity: 1
  m_CustomReflection: {fileID: 0}
  m_Sun: {fileID: 0}
  m_IndirectSpecularColor: {r: 0, g: 0, b: 0, a: 1}
--- !u!157 &3
LightmapSettings:
  m_ObjectHideFlags: 0
  serializedVersion: 11
  m_GIWorkflowMode: 1
  m_GISettings:
    serializedVersion: 2
    m_BounceScale: 1
    m_IndirectOutputScale: 1
    m_AlbedoBoost: 1
    m_TemporalCoherenceThreshold: 1
    m_EnvironmentLightingMode: 0
    m_EnableBakedLightmaps: 0
    m_EnableRealtimeLightmaps: 0
  m_LightmapEditorSettings:
    serializedVersion: 9
    m_Resolution: 2
    m_BakeResolution: 40
    m_TextureWidth: 1024
    m_TextureHeight: 1024
    m_AO: 0
    m_AOMaxDistance: 1
    m_CompAOExponent: 1
    m_CompAOExponentDirect: 0
    m_Padding: 2
    m_LightmapParameters: {fileID: 0}
    m_LightmapsBakeMode: 1
    m_TextureCompression: 1
    m_FinalGather: 0
    m_FinalGatherFiltering: 1
    m_FinalGatherRayCount: 256
    m_ReflectionCompression: 2
    m_MixedBakeMode: 2
    m_BakeBackend: 0
    m_PVRSampling: 1
    m_PVRDirectSampleCount: 32
    m_PVRSampleCount: 500
    m_PVRBounces: 2
    m_PVRFilterTypeDirect: 0
    m_PVRFilterTypeIndirect: 0
    m_PVRFilterTypeAO: 0
    m_PVRFilteringMode: 1
    m_PVRCulling: 1
    m_PVRFilteringGaussRadiusDirect: 1
    m_PVRFilteringGaussRadiusIndirect: 5
    m_PVRFilteringGaussRadiusAO: 2
    m_PVRFilteringAtrousPositionSigmaDirect: 0.5
    m_PVRFilteringAtrousPositionSigmaIndirect: 2
    m_PVRFilteringAtrousPositionSigmaAO: 1
    m_ShowResolutionOverlay: 1
  m_LightingDataAsset: {fileID: 0}
  m_UseShadowmask: 1
--- !u!196 &4
NavMeshSettings:
  serializedVersion: 2
  m_ObjectHideFlags: 0
  m_BuildSettings:
    serializedVersion: 2
    agentTypeID: 0
    agentRadius: 0.5
    agentHeight: 2
    agentSlope: 45
    agentClimb: 0.4
    ledgeDropHeight: 0
    maxJumpAcrossDistance: 0
    minRegionArea: 2
    manualCellSize: 0
    cellSize: 0.16666667
    manualTileSize: 0
    tileSize: 256
    accuratePlacement: 0
    debug:
      m_Flags: 0
  m_NavMeshData: {fileID: 0}
--- !u!4 &46395661 stripped
Transform:
  m_PrefabParentObject: {fileID: 4721113305862616, guid: a773983a04817c64283ccfa797add387,
    type: 2}
  m_PrefabInternal: {fileID: 301311284}
--- !u!1001 &301311284
Prefab:
  m_ObjectHideFlags: 0
  serializedVersion: 2
  m_Modification:
    m_TransformParent: {fileID: 336377818}
    m_Modifications:
    - target: {fileID: 114524454519155092, guid: a773983a04817c64283ccfa797add387,
        type: 2}
      propertyPath: bodies_blacklist.Array.size
      value: 1
      objectReference: {fileID: 0}
    - target: {fileID: 4721113305862616, guid: a773983a04817c64283ccfa797add387, type: 2}
      propertyPath: m_LocalPosition.x
      value: 1.4
      objectReference: {fileID: 0}
    - target: {fileID: 4721113305862616, guid: a773983a04817c64283ccfa797add387, type: 2}
      propertyPath: m_LocalPosition.y
      value: 3.46
      objectReference: {fileID: 0}
    - target: {fileID: 4721113305862616, guid: a773983a04817c64283ccfa797add387, type: 2}
      propertyPath: m_LocalPosition.z
      value: -0.5
      objectReference: {fileID: 0}
    - target: {fileID: 4721113305862616, guid: a773983a04817c64283ccfa797add387, type: 2}
      propertyPath: m_LocalRotation.x
      value: -0
      objectReference: {fileID: 0}
    - target: {fileID: 4721113305862616, guid: a773983a04817c64283ccfa797add387, type: 2}
      propertyPath: m_LocalRotation.y
      value: -0
      objectReference: {fileID: 0}
    - target: {fileID: 4721113305862616, guid: a773983a04817c64283ccfa797add387, type: 2}
      propertyPath: m_LocalRotation.z
      value: -0.21659707
      objectReference: {fileID: 0}
    - target: {fileID: 4721113305862616, guid: a773983a04817c64283ccfa797add387, type: 2}
      propertyPath: m_LocalRotation.w
      value: 0.9762611
      objectReference: {fileID: 0}
    - target: {fileID: 4721113305862616, guid: a773983a04817c64283ccfa797add387, type: 2}
      propertyPath: m_RootOrder
      value: 0
      objectReference: {fileID: 0}
    - target: {fileID: 114524454519155092, guid: a773983a04817c64283ccfa797add387,
        type: 2}
      propertyPath: closestPlanet
      value: 
      objectReference: {fileID: 571878750}
    - target: {fileID: 4658965461920198, guid: a773983a04817c64283ccfa797add387, type: 2}
      propertyPath: m_LocalPosition.x
      value: 0
      objectReference: {fileID: 0}
    - target: {fileID: 4658965461920198, guid: a773983a04817c64283ccfa797add387, type: 2}
      propertyPath: m_LocalPosition.y
      value: 0
      objectReference: {fileID: 0}
    - target: {fileID: 114581517556401008, guid: a773983a04817c64283ccfa797add387,
        type: 2}
      propertyPath: jumpForce
      value: 70
      objectReference: {fileID: 0}
    - target: {fileID: 212450298299609078, guid: a773983a04817c64283ccfa797add387,
        type: 2}
      propertyPath: m_SortingOrder
      value: 1
      objectReference: {fileID: 0}
    - target: {fileID: 114524454519155092, guid: a773983a04817c64283ccfa797add387,
        type: 2}
      propertyPath: bodies_blacklist.Array.data[0]
      value: 
      objectReference: {fileID: 0}
    - target: {fileID: 114581517556401008, guid: a773983a04817c64283ccfa797add387,
        type: 2}
      propertyPath: cam_follow
      value: 
      objectReference: {fileID: 2087247492}
    - target: {fileID: 114589654446311670, guid: a773983a04817c64283ccfa797add387,
        type: 2}
      propertyPath: closestBody
      value: 
      objectReference: {fileID: 571878750}
    m_RemovedComponents: []
  m_ParentPrefab: {fileID: 100100000, guid: a773983a04817c64283ccfa797add387, type: 2}
  m_IsPrefabParent: 0
--- !u!1 &336377817
GameObject:
  m_ObjectHideFlags: 0
  m_PrefabParentObject: {fileID: 0}
  m_PrefabInternal: {fileID: 0}
  serializedVersion: 5
  m_Component:
  - component: {fileID: 336377818}
  - component: {fileID: 336377819}
  - component: {fileID: 336377820}
  m_Layer: 0
  m_Name: World
  m_TagString: Untagged
  m_Icon: {fileID: 0}
  m_NavMeshLayer: 0
  m_StaticEditorFlags: 0
  m_IsActive: 1
--- !u!4 &336377818
Transform:
  m_ObjectHideFlags: 0
  m_PrefabParentObject: {fileID: 0}
  m_PrefabInternal: {fileID: 0}
  m_GameObject: {fileID: 336377817}
  m_LocalRotation: {x: 0, y: 0, z: 0, w: 1}
  m_LocalPosition: {x: 0, y: 0, z: 0}
  m_LocalScale: {x: 1, y: 1, z: 1}
  m_Children:
  - {fileID: 46395661}
  - {fileID: 1085984879}
  - {fileID: 421072285}
  - {fileID: 1337786046}
  - {fileID: 815424128}
  m_Father: {fileID: 0}
  m_RootOrder: 3
  m_LocalEulerAnglesHint: {x: 0, y: 0, z: 0}
--- !u!114 &336377819
MonoBehaviour:
  m_ObjectHideFlags: 0
  m_PrefabParentObject: {fileID: 0}
  m_PrefabInternal: {fileID: 0}
  m_GameObject: {fileID: 336377817}
  m_Enabled: 1
  m_EditorHideFlags: 0
  m_Script: {fileID: 11500000, guid: d181f0da846b79b418c94068606db144, type: 3}
  m_Name: 
  m_EditorClassIdentifier: 
  level_complete: 0
  next_level_id: 4
  srt: {fileID: 1360240518}
  leaderboard: {fileID: 1360240519}
--- !u!114 &336377820
MonoBehaviour:
  m_ObjectHideFlags: 0
  m_PrefabParentObject: {fileID: 0}
  m_PrefabInternal: {fileID: 0}
  m_GameObject: {fileID: 336377817}
  m_Enabled: 1
  m_EditorHideFlags: 0
  m_Script: {fileID: 11500000, guid: 7ae9da4386a0b7b47871ffcae56acb8e, type: 3}
  m_Name: 
  m_EditorClassIdentifier: 
  bgm: {fileID: 82726428000994562, guid: d4d714e842c4fd644ae70adb03e1895c, type: 2}
--- !u!1001 &421072284
Prefab:
  m_ObjectHideFlags: 0
  serializedVersion: 2
  m_Modification:
    m_TransformParent: {fileID: 336377818}
    m_Modifications:
    - target: {fileID: 4417474711861706, guid: 448e285041b53244fba55fa93a600269, type: 2}
      propertyPath: m_LocalPosition.x
      value: 10.85
      objectReference: {fileID: 0}
    - target: {fileID: 4417474711861706, guid: 448e285041b53244fba55fa93a600269, type: 2}
      propertyPath: m_LocalPosition.y
      value: 0.99
      objectReference: {fileID: 0}
    - target: {fileID: 4417474711861706, guid: 448e285041b53244fba55fa93a600269, type: 2}
      propertyPath: m_LocalPosition.z
      value: -0.5
      objectReference: {fileID: 0}
    - target: {fileID: 4417474711861706, guid: 448e285041b53244fba55fa93a600269, type: 2}
      propertyPath: m_LocalRotation.x
      value: -0
      objectReference: {fileID: 0}
    - target: {fileID: 4417474711861706, guid: 448e285041b53244fba55fa93a600269, type: 2}
      propertyPath: m_LocalRotation.y
      value: -0
      objectReference: {fileID: 0}
    - target: {fileID: 4417474711861706, guid: 448e285041b53244fba55fa93a600269, type: 2}
      propertyPath: m_LocalRotation.z
      value: -0
      objectReference: {fileID: 0}
    - target: {fileID: 4417474711861706, guid: 448e285041b53244fba55fa93a600269, type: 2}
      propertyPath: m_LocalRotation.w
      value: 1
      objectReference: {fileID: 0}
    - target: {fileID: 4417474711861706, guid: 448e285041b53244fba55fa93a600269, type: 2}
      propertyPath: m_RootOrder
      value: 2
      objectReference: {fileID: 0}
    - target: {fileID: 212022949929097758, guid: 448e285041b53244fba55fa93a600269,
        type: 2}
      propertyPath: m_SortingOrder
      value: 0
      objectReference: {fileID: 0}
    - target: {fileID: 58087539310761866, guid: 448e285041b53244fba55fa93a600269,
        type: 2}
      propertyPath: m_Offset.x
      value: -0.0013530732
      objectReference: {fileID: 0}
    - target: {fileID: 58087539310761866, guid: 448e285041b53244fba55fa93a600269,
        type: 2}
      propertyPath: m_Radius
      value: 2.4455903
      objectReference: {fileID: 0}
    - target: {fileID: 58087539310761866, guid: 448e285041b53244fba55fa93a600269,
        type: 2}
      propertyPath: m_Offset.y
      value: -0.04447174
      objectReference: {fileID: 0}
    - target: {fileID: 1928641757528180, guid: 448e285041b53244fba55fa93a600269, type: 2}
      propertyPath: m_Name
      value: Planet (2)
      objectReference: {fileID: 0}
    - target: {fileID: 4417474711861706, guid: 448e285041b53244fba55fa93a600269, type: 2}
      propertyPath: m_LocalScale.z
      value: 6.09306
      objectReference: {fileID: 0}
    - target: {fileID: 212022949929097758, guid: 448e285041b53244fba55fa93a600269,
        type: 2}
      propertyPath: m_Sprite
      value: 
      objectReference: {fileID: 21300020, guid: 1ea05ceaa885d0c4bb62b2651aeaeef9,
        type: 3}
    - target: {fileID: 114969807531499336, guid: 448e285041b53244fba55fa93a600269,
        type: 2}
      propertyPath: gravity_acceleration
      value: 25
      objectReference: {fileID: 0}
    - target: {fileID: 4095708436314900, guid: 448e285041b53244fba55fa93a600269, type: 2}
      propertyPath: m_LocalScale.x
      value: 6
      objectReference: {fileID: 0}
    - target: {fileID: 4095708436314900, guid: 448e285041b53244fba55fa93a600269, type: 2}
      propertyPath: m_LocalScale.y
      value: 6
      objectReference: {fileID: 0}
    m_RemovedComponents: []
  m_ParentPrefab: {fileID: 100100000, guid: 448e285041b53244fba55fa93a600269, type: 2}
  m_IsPrefabParent: 0
--- !u!4 &421072285 stripped
Transform:
  m_PrefabParentObject: {fileID: 4417474711861706, guid: 448e285041b53244fba55fa93a600269,
    type: 2}
  m_PrefabInternal: {fileID: 421072284}
--- !u!1 &512432267
GameObject:
  m_ObjectHideFlags: 0
  m_PrefabParentObject: {fileID: 0}
  m_PrefabInternal: {fileID: 0}
  serializedVersion: 5
  m_Component:
  - component: {fileID: 512432271}
  - component: {fileID: 512432270}
  - component: {fileID: 512432269}
  - component: {fileID: 512432268}
  m_Layer: 0
  m_Name: Backdrop
  m_TagString: Untagged
  m_Icon: {fileID: 0}
  m_NavMeshLayer: 0
  m_StaticEditorFlags: 0
  m_IsActive: 1
--- !u!23 &512432268
MeshRenderer:
  m_ObjectHideFlags: 0
  m_PrefabParentObject: {fileID: 0}
  m_PrefabInternal: {fileID: 0}
  m_GameObject: {fileID: 512432267}
  m_Enabled: 1
  m_CastShadows: 1
  m_ReceiveShadows: 1
  m_DynamicOccludee: 1
  m_MotionVectors: 1
  m_LightProbeUsage: 1
  m_ReflectionProbeUsage: 1
  m_Materials:
  - {fileID: 2100000, guid: 047af7d3d54d85843a542c6d7ab93e14, type: 2}
  m_StaticBatchInfo:
    firstSubMesh: 0
    subMeshCount: 0
  m_StaticBatchRoot: {fileID: 0}
  m_ProbeAnchor: {fileID: 0}
  m_LightProbeVolumeOverride: {fileID: 0}
  m_ScaleInLightmap: 1
  m_PreserveUVs: 1
  m_IgnoreNormalsForChartDetection: 0
  m_ImportantGI: 0
  m_StitchLightmapSeams: 0
  m_SelectedEditorRenderState: 3
  m_MinimumChartSize: 4
  m_AutoUVMaxDistance: 0.5
  m_AutoUVMaxAngle: 89
  m_LightmapParameters: {fileID: 0}
  m_SortingLayerID: 0
  m_SortingLayer: 0
  m_SortingOrder: 0
--- !u!64 &512432269
MeshCollider:
  m_ObjectHideFlags: 0
  m_PrefabParentObject: {fileID: 0}
  m_PrefabInternal: {fileID: 0}
  m_GameObject: {fileID: 512432267}
  m_Material: {fileID: 0}
  m_IsTrigger: 0
  m_Enabled: 1
  serializedVersion: 3
  m_Convex: 0
  m_CookingOptions: 14
  m_SkinWidth: 0.01
  m_Mesh: {fileID: 10209, guid: 0000000000000000e000000000000000, type: 0}
--- !u!33 &512432270
MeshFilter:
  m_ObjectHideFlags: 0
  m_PrefabParentObject: {fileID: 0}
  m_PrefabInternal: {fileID: 0}
  m_GameObject: {fileID: 512432267}
  m_Mesh: {fileID: 10209, guid: 0000000000000000e000000000000000, type: 0}
--- !u!4 &512432271
Transform:
  m_ObjectHideFlags: 0
  m_PrefabParentObject: {fileID: 0}
  m_PrefabInternal: {fileID: 0}
  m_GameObject: {fileID: 512432267}
  m_LocalRotation: {x: -0.7071068, y: 0, z: 0, w: 0.7071068}
  m_LocalPosition: {x: 0, y: 0, z: 0}
  m_LocalScale: {x: 8.107501, y: 1, z: 2.849998}
  m_Children: []
  m_Father: {fileID: 0}
  m_RootOrder: 1
  m_LocalEulerAnglesHint: {x: -90, y: 0, z: 0}
--- !u!1 &571878750 stripped
GameObject:
  m_PrefabParentObject: {fileID: 1928641757528180, guid: 448e285041b53244fba55fa93a600269,
    type: 2}
  m_PrefabInternal: {fileID: 1085984878}
--- !u!1 &801480464
GameObject:
  m_ObjectHideFlags: 0
  m_PrefabParentObject: {fileID: 0}
  m_PrefabInternal: {fileID: 0}
  serializedVersion: 5
  m_Component:
  - component: {fileID: 801480467}
  - component: {fileID: 801480466}
  - component: {fileID: 801480465}
  m_Layer: 0
  m_Name: EventSystem
  m_TagString: Untagged
  m_Icon: {fileID: 0}
  m_NavMeshLayer: 0
  m_StaticEditorFlags: 0
  m_IsActive: 1
--- !u!114 &801480465
MonoBehaviour:
  m_ObjectHideFlags: 0
  m_PrefabParentObject: {fileID: 0}
  m_PrefabInternal: {fileID: 0}
  m_GameObject: {fileID: 801480464}
  m_Enabled: 1
  m_EditorHideFlags: 0
  m_Script: {fileID: 1077351063, guid: f70555f144d8491a825f0804e09c671c, type: 3}
  m_Name: 
  m_EditorClassIdentifier: 
  m_HorizontalAxis: Horizontal
  m_VerticalAxis: Vertical
  m_SubmitButton: Submit
  m_CancelButton: Cancel
  m_InputActionsPerSecond: 10
  m_RepeatDelay: 0.5
  m_ForceModuleActive: 0
--- !u!114 &801480466
MonoBehaviour:
  m_ObjectHideFlags: 0
  m_PrefabParentObject: {fileID: 0}
  m_PrefabInternal: {fileID: 0}
  m_GameObject: {fileID: 801480464}
  m_Enabled: 1
  m_EditorHideFlags: 0
  m_Script: {fileID: -619905303, guid: f70555f144d8491a825f0804e09c671c, type: 3}
  m_Name: 
  m_EditorClassIdentifier: 
  m_FirstSelected: {fileID: 0}
  m_sendNavigationEvents: 1
  m_DragThreshold: 5
--- !u!4 &801480467
Transform:
  m_ObjectHideFlags: 0
  m_PrefabParentObject: {fileID: 0}
  m_PrefabInternal: {fileID: 0}
  m_GameObject: {fileID: 801480464}
  m_LocalRotation: {x: 0, y: 0, z: 0, w: 1}
  m_LocalPosition: {x: 0, y: 0, z: 0}
  m_LocalScale: {x: 1, y: 1, z: 1}
  m_Children: []
  m_Father: {fileID: 0}
  m_RootOrder: 4
  m_LocalEulerAnglesHint: {x: 0, y: 0, z: 0}
--- !u!1 &815424127
GameObject:
  m_ObjectHideFlags: 0
  m_PrefabParentObject: {fileID: 0}
  m_PrefabInternal: {fileID: 0}
  serializedVersion: 5
  m_Component:
  - component: {fileID: 815424128}
  - component: {fileID: 815424130}
  - component: {fileID: 815424129}
  - component: {fileID: 815424131}
  m_Layer: 0
  m_Name: Rocket
  m_TagString: Untagged
  m_Icon: {fileID: 0}
  m_NavMeshLayer: 0
  m_StaticEditorFlags: 0
  m_IsActive: 1
--- !u!4 &815424128
Transform:
  m_ObjectHideFlags: 0
  m_PrefabParentObject: {fileID: 0}
  m_PrefabInternal: {fileID: 0}
  m_GameObject: {fileID: 815424127}
  m_LocalRotation: {x: 0, y: 0, z: 0, w: 1}
  m_LocalPosition: {x: 20.12, y: 6.41, z: -0.5}
  m_LocalScale: {x: 0.6, y: 0.6, z: 1}
  m_Children: []
  m_Father: {fileID: 336377818}
  m_RootOrder: 4
  m_LocalEulerAnglesHint: {x: 0, y: 0, z: 0}
--- !u!114 &815424129
MonoBehaviour:
  m_ObjectHideFlags: 0
  m_PrefabParentObject: {fileID: 0}
  m_PrefabInternal: {fileID: 0}
  m_GameObject: {fileID: 815424127}
  m_Enabled: 1
  m_EditorHideFlags: 0
  m_Script: {fileID: 11500000, guid: 6b2266f189e852c4d91308cc614d6f2f, type: 3}
  m_Name: 
  m_EditorClassIdentifier: 
  manager: {fileID: 336377819}
  activated: 1
  winText: {fileID: 1360240517}
  winObject: {fileID: 1404005216}
--- !u!212 &815424130
SpriteRenderer:
  m_ObjectHideFlags: 0
  m_PrefabParentObject: {fileID: 0}
  m_PrefabInternal: {fileID: 0}
  m_GameObject: {fileID: 815424127}
  m_Enabled: 1
  m_CastShadows: 0
  m_ReceiveShadows: 0
  m_DynamicOccludee: 1
  m_MotionVectors: 1
  m_LightProbeUsage: 1
  m_ReflectionProbeUsage: 1
  m_Materials:
  - {fileID: 10754, guid: 0000000000000000f000000000000000, type: 0}
  m_StaticBatchInfo:
    firstSubMesh: 0
    subMeshCount: 0
  m_StaticBatchRoot: {fileID: 0}
  m_ProbeAnchor: {fileID: 0}
  m_LightProbeVolumeOverride: {fileID: 0}
  m_ScaleInLightmap: 1
  m_PreserveUVs: 0
  m_IgnoreNormalsForChartDetection: 0
  m_ImportantGI: 0
  m_StitchLightmapSeams: 0
  m_SelectedEditorRenderState: 0
  m_MinimumChartSize: 4
  m_AutoUVMaxDistance: 0.5
  m_AutoUVMaxAngle: 89
  m_LightmapParameters: {fileID: 0}
  m_SortingLayerID: 0
  m_SortingLayer: 0
  m_SortingOrder: 0
  m_Sprite: {fileID: 21300000, guid: fe3a70e9c6e361a44bced0c20d5e1767, type: 3}
  m_Color: {r: 1, g: 1, b: 1, a: 1}
  m_FlipX: 0
  m_FlipY: 0
  m_DrawMode: 0
  m_Size: {x: 5.12, y: 5.12}
  m_AdaptiveModeThreshold: 0.5
  m_SpriteTileMode: 0
  m_WasSpriteAssigned: 1
  m_MaskInteraction: 0
--- !u!61 &815424131
BoxCollider2D:
  m_ObjectHideFlags: 0
  m_PrefabParentObject: {fileID: 0}
  m_PrefabInternal: {fileID: 0}
  m_GameObject: {fileID: 815424127}
  m_Enabled: 1
  m_Density: 1
  m_Material: {fileID: 0}
  m_IsTrigger: 0
  m_UsedByEffector: 0
  m_UsedByComposite: 0
  m_Offset: {x: -0.06311941, y: 0.56808746}
  m_SpriteTilingProperty:
    border: {x: 0, y: 0, z: 0, w: 0}
    pivot: {x: 0.5, y: 0.5}
    oldSize: {x: 5.12, y: 5.12}
    newSize: {x: 5.12, y: 5.12}
    adaptiveTilingThreshold: 0.5
    drawMode: 0
    adaptiveTiling: 0
  m_AutoTiling: 0
  serializedVersion: 2
  m_Size: {x: 2.59517, y: 3.983825}
  m_EdgeRadius: 0
--- !u!1001 &1085984878
Prefab:
  m_ObjectHideFlags: 0
  serializedVersion: 2
  m_Modification:
    m_TransformParent: {fileID: 336377818}
    m_Modifications:
    - target: {fileID: 4417474711861706, guid: 448e285041b53244fba55fa93a600269, type: 2}
      propertyPath: m_LocalPosition.x
      value: 0.47
      objectReference: {fileID: 0}
    - target: {fileID: 4417474711861706, guid: 448e285041b53244fba55fa93a600269, type: 2}
      propertyPath: m_LocalPosition.y
      value: -0.48
      objectReference: {fileID: 0}
    - target: {fileID: 4417474711861706, guid: 448e285041b53244fba55fa93a600269, type: 2}
      propertyPath: m_LocalPosition.z
      value: -0.5
      objectReference: {fileID: 0}
    - target: {fileID: 4417474711861706, guid: 448e285041b53244fba55fa93a600269, type: 2}
      propertyPath: m_LocalRotation.x
      value: -0
      objectReference: {fileID: 0}
    - target: {fileID: 4417474711861706, guid: 448e285041b53244fba55fa93a600269, type: 2}
      propertyPath: m_LocalRotation.y
      value: -0
      objectReference: {fileID: 0}
    - target: {fileID: 4417474711861706, guid: 448e285041b53244fba55fa93a600269, type: 2}
      propertyPath: m_LocalRotation.z
      value: -0
      objectReference: {fileID: 0}
    - target: {fileID: 4417474711861706, guid: 448e285041b53244fba55fa93a600269, type: 2}
      propertyPath: m_LocalRotation.w
      value: 1
      objectReference: {fileID: 0}
    - target: {fileID: 4417474711861706, guid: 448e285041b53244fba55fa93a600269, type: 2}
      propertyPath: m_RootOrder
      value: 1
      objectReference: {fileID: 0}
    - target: {fileID: 212022949929097758, guid: 448e285041b53244fba55fa93a600269,
        type: 2}
      propertyPath: m_SortingOrder
      value: 0
      objectReference: {fileID: 0}
    - target: {fileID: 58087539310761866, guid: 448e285041b53244fba55fa93a600269,
        type: 2}
      propertyPath: m_Offset.x
      value: -0.0013530732
      objectReference: {fileID: 0}
    - target: {fileID: 58087539310761866, guid: 448e285041b53244fba55fa93a600269,
        type: 2}
      propertyPath: m_Radius
      value: 2.4455903
      objectReference: {fileID: 0}
    - target: {fileID: 58087539310761866, guid: 448e285041b53244fba55fa93a600269,
        type: 2}
      propertyPath: m_Offset.y
      value: -0.04447174
      objectReference: {fileID: 0}
    - target: {fileID: 1928641757528180, guid: 448e285041b53244fba55fa93a600269, type: 2}
      propertyPath: m_Name
      value: Planet (1)
      objectReference: {fileID: 0}
    - target: {fileID: 4417474711861706, guid: 448e285041b53244fba55fa93a600269, type: 2}
      propertyPath: m_LocalScale.z
      value: 6.09306
      objectReference: {fileID: 0}
    - target: {fileID: 212022949929097758, guid: 448e285041b53244fba55fa93a600269,
        type: 2}
      propertyPath: m_Sprite
      value: 
      objectReference: {fileID: 21300010, guid: 1ea05ceaa885d0c4bb62b2651aeaeef9,
        type: 3}
    - target: {fileID: 114969807531499336, guid: 448e285041b53244fba55fa93a600269,
        type: 2}
      propertyPath: gravity_acceleration
      value: 25
      objectReference: {fileID: 0}
    - target: {fileID: 4095708436314900, guid: 448e285041b53244fba55fa93a600269, type: 2}
      propertyPath: m_LocalScale.x
      value: 6
      objectReference: {fileID: 0}
    - target: {fileID: 4095708436314900, guid: 448e285041b53244fba55fa93a600269, type: 2}
      propertyPath: m_LocalScale.y
      value: 6
      objectReference: {fileID: 0}
    m_RemovedComponents: []
  m_ParentPrefab: {fileID: 100100000, guid: 448e285041b53244fba55fa93a600269, type: 2}
  m_IsPrefabParent: 0
--- !u!4 &1085984879 stripped
Transform:
  m_PrefabParentObject: {fileID: 4417474711861706, guid: 448e285041b53244fba55fa93a600269,
    type: 2}
  m_PrefabInternal: {fileID: 1085984878}
--- !u!1001 &1337786045
Prefab:
  m_ObjectHideFlags: 0
  serializedVersion: 2
  m_Modification:
    m_TransformParent: {fileID: 336377818}
    m_Modifications:
    - target: {fileID: 4417474711861706, guid: 448e285041b53244fba55fa93a600269, type: 2}
      propertyPath: m_LocalPosition.x
      value: 20.06
      objectReference: {fileID: 0}
    - target: {fileID: 4417474711861706, guid: 448e285041b53244fba55fa93a600269, type: 2}
      propertyPath: m_LocalPosition.y
      value: 2.54
      objectReference: {fileID: 0}
    - target: {fileID: 4417474711861706, guid: 448e285041b53244fba55fa93a600269, type: 2}
      propertyPath: m_LocalPosition.z
      value: -0.5
      objectReference: {fileID: 0}
    - target: {fileID: 4417474711861706, guid: 448e285041b53244fba55fa93a600269, type: 2}
      propertyPath: m_LocalRotation.x
      value: -0
      objectReference: {fileID: 0}
    - target: {fileID: 4417474711861706, guid: 448e285041b53244fba55fa93a600269, type: 2}
      propertyPath: m_LocalRotation.y
      value: -0
      objectReference: {fileID: 0}
    - target: {fileID: 4417474711861706, guid: 448e285041b53244fba55fa93a600269, type: 2}
      propertyPath: m_LocalRotation.z
      value: -0
      objectReference: {fileID: 0}
    - target: {fileID: 4417474711861706, guid: 448e285041b53244fba55fa93a600269, type: 2}
      propertyPath: m_LocalRotation.w
      value: 1
      objectReference: {fileID: 0}
    - target: {fileID: 4417474711861706, guid: 448e285041b53244fba55fa93a600269, type: 2}
      propertyPath: m_RootOrder
      value: 3
      objectReference: {fileID: 0}
    - target: {fileID: 212022949929097758, guid: 448e285041b53244fba55fa93a600269,
        type: 2}
      propertyPath: m_SortingOrder
      value: 0
      objectReference: {fileID: 0}
    - target: {fileID: 58087539310761866, guid: 448e285041b53244fba55fa93a600269,
        type: 2}
      propertyPath: m_Offset.x
      value: -0.0013530732
      objectReference: {fileID: 0}
    - target: {fileID: 58087539310761866, guid: 448e285041b53244fba55fa93a600269,
        type: 2}
      propertyPath: m_Radius
      value: 2.4455903
      objectReference: {fileID: 0}
    - target: {fileID: 58087539310761866, guid: 448e285041b53244fba55fa93a600269,
        type: 2}
      propertyPath: m_Offset.y
      value: -0.04447174
      objectReference: {fileID: 0}
    - target: {fileID: 1928641757528180, guid: 448e285041b53244fba55fa93a600269, type: 2}
      propertyPath: m_Name
      value: Planet (3)
      objectReference: {fileID: 0}
    - target: {fileID: 4417474711861706, guid: 448e285041b53244fba55fa93a600269, type: 2}
      propertyPath: m_LocalScale.z
      value: 6.09306
      objectReference: {fileID: 0}
    - target: {fileID: 212022949929097758, guid: 448e285041b53244fba55fa93a600269,
        type: 2}
      propertyPath: m_Sprite
      value: 
      objectReference: {fileID: 21300012, guid: 1ea05ceaa885d0c4bb62b2651aeaeef9,
        type: 3}
    - target: {fileID: 114969807531499336, guid: 448e285041b53244fba55fa93a600269,
        type: 2}
      propertyPath: gravity_acceleration
      value: 25
      objectReference: {fileID: 0}
    - target: {fileID: 4095708436314900, guid: 448e285041b53244fba55fa93a600269, type: 2}
      propertyPath: m_LocalScale.x
      value: 6
      objectReference: {fileID: 0}
    - target: {fileID: 4095708436314900, guid: 448e285041b53244fba55fa93a600269, type: 2}
      propertyPath: m_LocalScale.y
      value: 6
      objectReference: {fileID: 0}
    m_RemovedComponents: []
  m_ParentPrefab: {fileID: 100100000, guid: 448e285041b53244fba55fa93a600269, type: 2}
  m_IsPrefabParent: 0
--- !u!4 &1337786046 stripped
Transform:
  m_PrefabParentObject: {fileID: 4417474711861706, guid: 448e285041b53244fba55fa93a600269,
    type: 2}
  m_PrefabInternal: {fileID: 1337786045}
--- !u!1001 &1360240516
Prefab:
  m_ObjectHideFlags: 0
  serializedVersion: 2
  m_Modification:
    m_TransformParent: {fileID: 0}
    m_Modifications:
    - target: {fileID: 224217593579209930, guid: c686d7c080e97714bbfea375c08913a1,
        type: 2}
      propertyPath: m_RootOrder
      value: 5
      objectReference: {fileID: 0}
    - target: {fileID: 224217593579209930, guid: c686d7c080e97714bbfea375c08913a1,
        type: 2}
      propertyPath: m_LocalPosition.x
      value: 0
      objectReference: {fileID: 0}
    - target: {fileID: 224217593579209930, guid: c686d7c080e97714bbfea375c08913a1,
        type: 2}
      propertyPath: m_LocalPosition.y
      value: 0
      objectReference: {fileID: 0}
    - target: {fileID: 224217593579209930, guid: c686d7c080e97714bbfea375c08913a1,
        type: 2}
      propertyPath: m_LocalPosition.z
      value: 0
      objectReference: {fileID: 0}
    - target: {fileID: 224217593579209930, guid: c686d7c080e97714bbfea375c08913a1,
        type: 2}
      propertyPath: m_LocalRotation.x
      value: 0
      objectReference: {fileID: 0}
    - target: {fileID: 224217593579209930, guid: c686d7c080e97714bbfea375c08913a1,
        type: 2}
      propertyPath: m_LocalRotation.y
      value: 0
      objectReference: {fileID: 0}
    - target: {fileID: 224217593579209930, guid: c686d7c080e97714bbfea375c08913a1,
        type: 2}
      propertyPath: m_LocalRotation.z
      value: 0
      objectReference: {fileID: 0}
    - target: {fileID: 224217593579209930, guid: c686d7c080e97714bbfea375c08913a1,
        type: 2}
      propertyPath: m_LocalRotation.w
      value: 1
      objectReference: {fileID: 0}
    - target: {fileID: 224217593579209930, guid: c686d7c080e97714bbfea375c08913a1,
        type: 2}
      propertyPath: m_RootOrder
      value: 5
      objectReference: {fileID: 0}
    - target: {fileID: 224217593579209930, guid: c686d7c080e97714bbfea375c08913a1,
        type: 2}
      propertyPath: m_AnchoredPosition.x
      value: 0
      objectReference: {fileID: 0}
    - target: {fileID: 224217593579209930, guid: c686d7c080e97714bbfea375c08913a1,
        type: 2}
      propertyPath: m_AnchoredPosition.y
      value: 0
      objectReference: {fileID: 0}
    - target: {fileID: 224217593579209930, guid: c686d7c080e97714bbfea375c08913a1,
        type: 2}
      propertyPath: m_SizeDelta.x
      value: 0
      objectReference: {fileID: 0}
    - target: {fileID: 224217593579209930, guid: c686d7c080e97714bbfea375c08913a1,
        type: 2}
      propertyPath: m_SizeDelta.y
      value: 0
      objectReference: {fileID: 0}
    - target: {fileID: 224217593579209930, guid: c686d7c080e97714bbfea375c08913a1,
        type: 2}
      propertyPath: m_AnchorMin.x
      value: 0
      objectReference: {fileID: 0}
    - target: {fileID: 224217593579209930, guid: c686d7c080e97714bbfea375c08913a1,
        type: 2}
      propertyPath: m_AnchorMin.y
      value: 0
      objectReference: {fileID: 0}
    - target: {fileID: 224217593579209930, guid: c686d7c080e97714bbfea375c08913a1,
        type: 2}
      propertyPath: m_AnchorMax.x
      value: 0
      objectReference: {fileID: 0}
    - target: {fileID: 224217593579209930, guid: c686d7c080e97714bbfea375c08913a1,
        type: 2}
      propertyPath: m_AnchorMax.y
      value: 0
      objectReference: {fileID: 0}
    - target: {fileID: 224217593579209930, guid: c686d7c080e97714bbfea375c08913a1,
        type: 2}
      propertyPath: m_Pivot.x
      value: 0
      objectReference: {fileID: 0}
    - target: {fileID: 224217593579209930, guid: c686d7c080e97714bbfea375c08913a1,
        type: 2}
      propertyPath: m_Pivot.y
      value: 0
      objectReference: {fileID: 0}
    - target: {fileID: 223385646927328002, guid: c686d7c080e97714bbfea375c08913a1,
        type: 2}
      propertyPath: m_Camera
      value: 
      objectReference: {fileID: 2087247493}
    m_RemovedComponents: []
  m_ParentPrefab: {fileID: 100100000, guid: c686d7c080e97714bbfea375c08913a1, type: 2}
  m_IsPrefabParent: 0
--- !u!114 &1360240517 stripped
MonoBehaviour:
  m_PrefabParentObject: {fileID: 114586042328513342, guid: c686d7c080e97714bbfea375c08913a1,
    type: 2}
  m_PrefabInternal: {fileID: 1360240516}
  m_Script: {fileID: 708705254, guid: f70555f144d8491a825f0804e09c671c, type: 3}
--- !u!114 &1360240518 stripped
MonoBehaviour:
  m_PrefabParentObject: {fileID: 114148904210623884, guid: c686d7c080e97714bbfea375c08913a1,
    type: 2}
  m_PrefabInternal: {fileID: 1360240516}
  m_Script: {fileID: 11500000, guid: 28655835290ffad4fae5ed0d67258102, type: 3}
--- !u!1 &1360240519 stripped
GameObject:
  m_PrefabParentObject: {fileID: 1421661546742678, guid: c686d7c080e97714bbfea375c08913a1,
    type: 2}
  m_PrefabInternal: {fileID: 1360240516}
--- !u!1 &1404005216 stripped
GameObject:
  m_PrefabParentObject: {fileID: 1957250264849442, guid: c686d7c080e97714bbfea375c08913a1,
    type: 2}
  m_PrefabInternal: {fileID: 1360240516}
--- !u!1001 &1580209894
Prefab:
  m_ObjectHideFlags: 0
  serializedVersion: 2
  m_Modification:
    m_TransformParent: {fileID: 0}
    m_Modifications:
    - target: {fileID: 4076789155396856, guid: 98fe6725595a2154792dd815f654243c, type: 2}
      propertyPath: m_LocalPosition.x
      value: 0
      objectReference: {fileID: 0}
    - target: {fileID: 4076789155396856, guid: 98fe6725595a2154792dd815f654243c, type: 2}
      propertyPath: m_LocalPosition.y
      value: 0
      objectReference: {fileID: 0}
    - target: {fileID: 4076789155396856, guid: 98fe6725595a2154792dd815f654243c, type: 2}
      propertyPath: m_LocalPosition.z
      value: -0.5
      objectReference: {fileID: 0}
    - target: {fileID: 4076789155396856, guid: 98fe6725595a2154792dd815f654243c, type: 2}
      propertyPath: m_LocalRotation.x
      value: 0
      objectReference: {fileID: 0}
    - target: {fileID: 4076789155396856, guid: 98fe6725595a2154792dd815f654243c, type: 2}
      propertyPath: m_LocalRotation.y
      value: 0
      objectReference: {fileID: 0}
    - target: {fileID: 4076789155396856, guid: 98fe6725595a2154792dd815f654243c, type: 2}
      propertyPath: m_LocalRotation.z
      value: 0
      objectReference: {fileID: 0}
    - target: {fileID: 4076789155396856, guid: 98fe6725595a2154792dd815f654243c, type: 2}
      propertyPath: m_LocalRotation.w
      value: 1
      objectReference: {fileID: 0}
    - target: {fileID: 4076789155396856, guid: 98fe6725595a2154792dd815f654243c, type: 2}
      propertyPath: m_RootOrder
      value: 2
      objectReference: {fileID: 0}
    - target: {fileID: 114600751465869700, guid: 98fe6725595a2154792dd815f654243c,
        type: 2}
      propertyPath: starCount
      value: 200
      objectReference: {fileID: 0}
    - target: {fileID: 114600751465869700, guid: 98fe6725595a2154792dd815f654243c,
        type: 2}
      propertyPath: fieldWidth
      value: 40
      objectReference: {fileID: 0}
    - target: {fileID: 114600751465869700, guid: 98fe6725595a2154792dd815f654243c,
        type: 2}
      propertyPath: fieldHeight
      value: 20
      objectReference: {fileID: 0}
    - target: {fileID: 114600751465869700, guid: 98fe6725595a2154792dd815f654243c,
        type: 2}
      propertyPath: z_offset
      value: -0.25
      objectReference: {fileID: 0}
    m_RemovedComponents: []
  m_ParentPrefab: {fileID: 100100000, guid: 98fe6725595a2154792dd815f654243c, type: 2}
  m_IsPrefabParent: 0
--- !u!1001 &2087247491
Prefab:
  m_ObjectHideFlags: 0
  serializedVersion: 2
  m_Modification:
    m_TransformParent: {fileID: 0}
    m_Modifications:
    - target: {fileID: 4527851024642572, guid: a2ab2879feee18a45a93b0dcaebb2528, type: 2}
      propertyPath: m_LocalPosition.x
      value: 0
      objectReference: {fileID: 0}
    - target: {fileID: 4527851024642572, guid: a2ab2879feee18a45a93b0dcaebb2528, type: 2}
      propertyPath: m_LocalPosition.y
      value: 0
      objectReference: {fileID: 0}
    - target: {fileID: 4527851024642572, guid: a2ab2879feee18a45a93b0dcaebb2528, type: 2}
      propertyPath: m_LocalPosition.z
      value: -10
      objectReference: {fileID: 0}
    - target: {fileID: 4527851024642572, guid: a2ab2879feee18a45a93b0dcaebb2528, type: 2}
      propertyPath: m_LocalRotation.x
      value: -0
      objectReference: {fileID: 0}
    - target: {fileID: 4527851024642572, guid: a2ab2879feee18a45a93b0dcaebb2528, type: 2}
      propertyPath: m_LocalRotation.y
      value: -0
      objectReference: {fileID: 0}
    - target: {fileID: 4527851024642572, guid: a2ab2879feee18a45a93b0dcaebb2528, type: 2}
      propertyPath: m_LocalRotation.z
      value: -0
      objectReference: {fileID: 0}
    - target: {fileID: 4527851024642572, guid: a2ab2879feee18a45a93b0dcaebb2528, type: 2}
      propertyPath: m_LocalRotation.w
      value: 1
      objectReference: {fileID: 0}
    - target: {fileID: 4527851024642572, guid: a2ab2879feee18a45a93b0dcaebb2528, type: 2}
      propertyPath: m_RootOrder
      value: 0
      objectReference: {fileID: 0}
    - target: {fileID: 114045129333011976, guid: a2ab2879feee18a45a93b0dcaebb2528,
        type: 2}
      propertyPath: followTransform
      value: 
      objectReference: {fileID: 1085984879}
    m_RemovedComponents: []
  m_ParentPrefab: {fileID: 100100000, guid: a2ab2879feee18a45a93b0dcaebb2528, type: 2}
  m_IsPrefabParent: 0
--- !u!114 &2087247492 stripped
MonoBehaviour:
  m_PrefabParentObject: {fileID: 114045129333011976, guid: a2ab2879feee18a45a93b0dcaebb2528,
    type: 2}
  m_PrefabInternal: {fileID: 2087247491}
  m_Script: {fileID: 11500000, guid: 0abc279e2c453214eb7b85e79fb3b2da, type: 3}
--- !u!20 &2087247493 stripped
Camera:
  m_PrefabParentObject: {fileID: 20513260154739556, guid: a2ab2879feee18a45a93b0dcaebb2528,
    type: 2}
  m_PrefabInternal: {fileID: 2087247491}
