%YAML 1.1
%TAG !u! tag:unity3d.com,2011:
--- !u!29 &1
OcclusionCullingSettings:
  m_ObjectHideFlags: 0
  serializedVersion: 2
  m_OcclusionBakeSettings:
    smallestOccluder: 5
    smallestHole: 0.25
    backfaceThreshold: 100
  m_SceneGUID: 00000000000000000000000000000000
  m_OcclusionCullingData: {fileID: 0}
--- !u!104 &2
RenderSettings:
  m_ObjectHideFlags: 0
  serializedVersion: 8
  m_Fog: 0
  m_FogColor: {r: 0.5, g: 0.5, b: 0.5, a: 1}
  m_FogMode: 3
  m_FogDensity: 0.01
  m_LinearFogStart: 0
  m_LinearFogEnd: 300
  m_AmbientSkyColor: {r: 0.212, g: 0.227, b: 0.259, a: 1}
  m_AmbientEquatorColor: {r: 0.114, g: 0.125, b: 0.133, a: 1}
  m_AmbientGroundColor: {r: 0.047, g: 0.043, b: 0.035, a: 1}
  m_AmbientIntensity: 1
  m_AmbientMode: 3
  m_SubtractiveShadowColor: {r: 0.42, g: 0.478, b: 0.627, a: 1}
  m_SkyboxMaterial: {fileID: 0}
  m_HaloStrength: 0.5
  m_FlareStrength: 1
  m_FlareFadeSpeed: 3
  m_HaloTexture: {fileID: 0}
  m_SpotCookie: {fileID: 10001, guid: 0000000000000000e000000000000000, type: 0}
  m_DefaultReflectionMode: 0
  m_DefaultReflectionResolution: 128
  m_ReflectionBounces: 1
  m_ReflectionIntensity: 1
  m_CustomReflection: {fileID: 0}
  m_Sun: {fileID: 0}
  m_IndirectSpecularColor: {r: 0, g: 0, b: 0, a: 1}
--- !u!157 &3
LightmapSettings:
  m_ObjectHideFlags: 0
  serializedVersion: 11
  m_GIWorkflowMode: 1
  m_GISettings:
    serializedVersion: 2
    m_BounceScale: 1
    m_IndirectOutputScale: 1
    m_AlbedoBoost: 1
    m_TemporalCoherenceThreshold: 1
    m_EnvironmentLightingMode: 0
    m_EnableBakedLightmaps: 0
    m_EnableRealtimeLightmaps: 0
  m_LightmapEditorSettings:
    serializedVersion: 9
    m_Resolution: 2
    m_BakeResolution: 40
    m_TextureWidth: 1024
    m_TextureHeight: 1024
    m_AO: 0
    m_AOMaxDistance: 1
    m_CompAOExponent: 1
    m_CompAOExponentDirect: 0
    m_Padding: 2
    m_LightmapParameters: {fileID: 0}
    m_LightmapsBakeMode: 1
    m_TextureCompression: 1
    m_FinalGather: 0
    m_FinalGatherFiltering: 1
    m_FinalGatherRayCount: 256
    m_ReflectionCompression: 2
    m_MixedBakeMode: 2
    m_BakeBackend: 0
    m_PVRSampling: 1
    m_PVRDirectSampleCount: 32
    m_PVRSampleCount: 500
    m_PVRBounces: 2
    m_PVRFilterTypeDirect: 0
    m_PVRFilterTypeIndirect: 0
    m_PVRFilterTypeAO: 0
    m_PVRFilteringMode: 1
    m_PVRCulling: 1
    m_PVRFilteringGaussRadiusDirect: 1
    m_PVRFilteringGaussRadiusIndirect: 5
    m_PVRFilteringGaussRadiusAO: 2
    m_PVRFilteringAtrousPositionSigmaDirect: 0.5
    m_PVRFilteringAtrousPositionSigmaIndirect: 2
    m_PVRFilteringAtrousPositionSigmaAO: 1
    m_ShowResolutionOverlay: 1
  m_LightingDataAsset: {fileID: 0}
  m_UseShadowmask: 1
--- !u!196 &4
NavMeshSettings:
  serializedVersion: 2
  m_ObjectHideFlags: 0
  m_BuildSettings:
    serializedVersion: 2
    agentTypeID: 0
    agentRadius: 0.5
    agentHeight: 2
    agentSlope: 45
    agentClimb: 0.4
    ledgeDropHeight: 0
    maxJumpAcrossDistance: 0
    minRegionArea: 2
    manualCellSize: 0
    cellSize: 0.16666667
    manualTileSize: 0
    tileSize: 256
    accuratePlacement: 0
    debug:
      m_Flags: 0
  m_NavMeshData: {fileID: 0}
--- !u!1001 &23144382
Prefab:
  m_ObjectHideFlags: 0
  serializedVersion: 2
  m_Modification:
    m_TransformParent: {fileID: 895890768}
    m_Modifications:
    - target: {fileID: 4867836709701792, guid: 03d2b2d44e00db040a367408d53cef7e, type: 2}
      propertyPath: m_LocalPosition.x
      value: -2.7244973
      objectReference: {fileID: 0}
    - target: {fileID: 4867836709701792, guid: 03d2b2d44e00db040a367408d53cef7e, type: 2}
      propertyPath: m_LocalPosition.y
      value: 0.972406
      objectReference: {fileID: 0}
    - target: {fileID: 4867836709701792, guid: 03d2b2d44e00db040a367408d53cef7e, type: 2}
      propertyPath: m_LocalPosition.z
      value: 0
      objectReference: {fileID: 0}
    - target: {fileID: 4867836709701792, guid: 03d2b2d44e00db040a367408d53cef7e, type: 2}
      propertyPath: m_LocalRotation.x
      value: -0
      objectReference: {fileID: 0}
    - target: {fileID: 4867836709701792, guid: 03d2b2d44e00db040a367408d53cef7e, type: 2}
      propertyPath: m_LocalRotation.y
      value: -0
      objectReference: {fileID: 0}
    - target: {fileID: 4867836709701792, guid: 03d2b2d44e00db040a367408d53cef7e, type: 2}
      propertyPath: m_LocalRotation.z
      value: 0.506424
      objectReference: {fileID: 0}
    - target: {fileID: 4867836709701792, guid: 03d2b2d44e00db040a367408d53cef7e, type: 2}
      propertyPath: m_LocalRotation.w
      value: 0.86228466
      objectReference: {fileID: 0}
    - target: {fileID: 4867836709701792, guid: 03d2b2d44e00db040a367408d53cef7e, type: 2}
      propertyPath: m_RootOrder
      value: 8
      objectReference: {fileID: 0}
    - target: {fileID: 4867836709701792, guid: 03d2b2d44e00db040a367408d53cef7e, type: 2}
      propertyPath: m_LocalScale.x
      value: 0.20000002
      objectReference: {fileID: 0}
    - target: {fileID: 4867836709701792, guid: 03d2b2d44e00db040a367408d53cef7e, type: 2}
      propertyPath: m_LocalScale.y
      value: 0.20000002
      objectReference: {fileID: 0}
    - target: {fileID: 4867836709701792, guid: 03d2b2d44e00db040a367408d53cef7e, type: 2}
      propertyPath: m_LocalScale.z
      value: 0.026935551
      objectReference: {fileID: 0}
    - target: {fileID: 4867836709701792, guid: 03d2b2d44e00db040a367408d53cef7e, type: 2}
      propertyPath: m_LocalEulerAnglesHint.z
      value: 1.95
      objectReference: {fileID: 0}
    - target: {fileID: 1613353382135192, guid: 03d2b2d44e00db040a367408d53cef7e, type: 2}
      propertyPath: m_Name
      value: Spikes (4)
      objectReference: {fileID: 0}
    m_RemovedComponents: []
  m_ParentPrefab: {fileID: 100100000, guid: 03d2b2d44e00db040a367408d53cef7e, type: 2}
  m_IsPrefabParent: 0
--- !u!4 &46395661 stripped
Transform:
  m_PrefabParentObject: {fileID: 4721113305862616, guid: a773983a04817c64283ccfa797add387,
    type: 2}
  m_PrefabInternal: {fileID: 97138584}
--- !u!4 &51612321 stripped
Transform:
  m_PrefabParentObject: {fileID: 4867836709701792, guid: 03d2b2d44e00db040a367408d53cef7e,
    type: 2}
  m_PrefabInternal: {fileID: 983452982}
--- !u!4 &76383019
Transform:
  m_ObjectHideFlags: 0
  m_PrefabParentObject: {fileID: 4970033904224456, guid: a4a472c66618adc468e64970d425ab72,
    type: 2}
  m_PrefabInternal: {fileID: 0}
  m_GameObject: {fileID: 1664688955}
  m_LocalRotation: {x: -0, y: -0, z: -0, w: 1}
  m_LocalPosition: {x: 8.26, y: 3.08, z: -0.5}
  m_LocalScale: {x: 4, y: 4, z: 0}
  m_Children:
  - {fileID: 1058977842}
  - {fileID: 152769756}
  - {fileID: 1839379797}
  m_Father: {fileID: 336377818}
  m_RootOrder: 2
  m_LocalEulerAnglesHint: {x: 0, y: 0, z: 0}
--- !u!1001 &97138584
Prefab:
  m_ObjectHideFlags: 0
  serializedVersion: 2
  m_Modification:
    m_TransformParent: {fileID: 336377818}
    m_Modifications:
    - target: {fileID: 4721113305862616, guid: a773983a04817c64283ccfa797add387, type: 2}
      propertyPath: m_LocalPosition.x
      value: -4.32
      objectReference: {fileID: 0}
    - target: {fileID: 4721113305862616, guid: a773983a04817c64283ccfa797add387, type: 2}
      propertyPath: m_LocalPosition.y
      value: 3.87
      objectReference: {fileID: 0}
    - target: {fileID: 4721113305862616, guid: a773983a04817c64283ccfa797add387, type: 2}
      propertyPath: m_LocalPosition.z
      value: -0.5
      objectReference: {fileID: 0}
    - target: {fileID: 4721113305862616, guid: a773983a04817c64283ccfa797add387, type: 2}
      propertyPath: m_LocalRotation.x
      value: -0
      objectReference: {fileID: 0}
    - target: {fileID: 4721113305862616, guid: a773983a04817c64283ccfa797add387, type: 2}
      propertyPath: m_LocalRotation.y
      value: -0
      objectReference: {fileID: 0}
    - target: {fileID: 4721113305862616, guid: a773983a04817c64283ccfa797add387, type: 2}
      propertyPath: m_LocalRotation.z
      value: -0.21659707
      objectReference: {fileID: 0}
    - target: {fileID: 4721113305862616, guid: a773983a04817c64283ccfa797add387, type: 2}
      propertyPath: m_LocalRotation.w
      value: 0.9762611
      objectReference: {fileID: 0}
    - target: {fileID: 4721113305862616, guid: a773983a04817c64283ccfa797add387, type: 2}
      propertyPath: m_RootOrder
      value: 0
      objectReference: {fileID: 0}
    - target: {fileID: 114581517556401008, guid: a773983a04817c64283ccfa797add387,
        type: 2}
      propertyPath: resetText
      value: 
      objectReference: {fileID: 710025987}
    - target: {fileID: 114581517556401008, guid: a773983a04817c64283ccfa797add387,
        type: 2}
      propertyPath: cam_follow
      value: 
      objectReference: {fileID: 1475686214}
    - target: {fileID: 114589654446311670, guid: a773983a04817c64283ccfa797add387,
        type: 2}
      propertyPath: closestBody
      value: 
      objectReference: {fileID: 119476313}
    - target: {fileID: 114581517556401008, guid: a773983a04817c64283ccfa797add387,
        type: 2}
      propertyPath: in_air_time_limit
      value: 2
      objectReference: {fileID: 0}
    m_RemovedComponents: []
  m_ParentPrefab: {fileID: 100100000, guid: a773983a04817c64283ccfa797add387, type: 2}
  m_IsPrefabParent: 0
--- !u!1 &119476313 stripped
GameObject:
  m_PrefabParentObject: {fileID: 1928641757528180, guid: 448e285041b53244fba55fa93a600269,
    type: 2}
  m_PrefabInternal: {fileID: 1385910903}
--- !u!1 &152769755
GameObject:
  m_ObjectHideFlags: 0
  m_PrefabParentObject: {fileID: 1362569815331672, guid: a4a472c66618adc468e64970d425ab72,
    type: 2}
  m_PrefabInternal: {fileID: 0}
  serializedVersion: 5
  m_Component:
  - component: {fileID: 152769756}
  - component: {fileID: 152769757}
  m_Layer: 0
  m_Name: blk_hole_sprite
  m_TagString: Untagged
  m_Icon: {fileID: 0}
  m_NavMeshLayer: 0
  m_StaticEditorFlags: 0
  m_IsActive: 1
--- !u!4 &152769756
Transform:
  m_ObjectHideFlags: 0
  m_PrefabParentObject: {fileID: 4172047193487600, guid: a4a472c66618adc468e64970d425ab72,
    type: 2}
  m_PrefabInternal: {fileID: 0}
  m_GameObject: {fileID: 152769755}
  m_LocalRotation: {x: -0, y: -0, z: -0, w: 1}
  m_LocalPosition: {x: 0, y: 0, z: 0}
  m_LocalScale: {x: 0.25, y: 0.25, z: 0}
  m_Children: []
  m_Father: {fileID: 76383019}
  m_RootOrder: 1
  m_LocalEulerAnglesHint: {x: 0, y: 0, z: 0}
--- !u!212 &152769757
SpriteRenderer:
  m_ObjectHideFlags: 0
  m_PrefabParentObject: {fileID: 212217827007888834, guid: a4a472c66618adc468e64970d425ab72,
    type: 2}
  m_PrefabInternal: {fileID: 0}
  m_GameObject: {fileID: 152769755}
  m_Enabled: 1
  m_CastShadows: 0
  m_ReceiveShadows: 0
  m_DynamicOccludee: 1
  m_MotionVectors: 1
  m_LightProbeUsage: 1
  m_ReflectionProbeUsage: 1
  m_Materials:
  - {fileID: 10754, guid: 0000000000000000f000000000000000, type: 0}
  m_StaticBatchInfo:
    firstSubMesh: 0
    subMeshCount: 0
  m_StaticBatchRoot: {fileID: 0}
  m_ProbeAnchor: {fileID: 0}
  m_LightProbeVolumeOverride: {fileID: 0}
  m_ScaleInLightmap: 1
  m_PreserveUVs: 0
  m_IgnoreNormalsForChartDetection: 0
  m_ImportantGI: 0
  m_StitchLightmapSeams: 0
  m_SelectedEditorRenderState: 0
  m_MinimumChartSize: 4
  m_AutoUVMaxDistance: 0.5
  m_AutoUVMaxAngle: 89
  m_LightmapParameters: {fileID: 0}
  m_SortingLayerID: 0
  m_SortingLayer: 0
  m_SortingOrder: 1
  m_Sprite: {fileID: 21300034, guid: 1ea05ceaa885d0c4bb62b2651aeaeef9, type: 3}
  m_Color: {r: 1, g: 1, b: 1, a: 1}
  m_FlipX: 0
  m_FlipY: 0
  m_DrawMode: 0
  m_Size: {x: 5.12, y: 5.12}
  m_AdaptiveModeThreshold: 0.5
  m_SpriteTileMode: 0
  m_WasSpriteAssigned: 1
  m_MaskInteraction: 0
--- !u!4 &168617212 stripped
Transform:
  m_PrefabParentObject: {fileID: 4867836709701792, guid: 03d2b2d44e00db040a367408d53cef7e,
    type: 2}
  m_PrefabInternal: {fileID: 2011237833}
--- !u!1001 &269156222
Prefab:
  m_ObjectHideFlags: 0
  serializedVersion: 2
  m_Modification:
    m_TransformParent: {fileID: 895890768}
    m_Modifications:
    - target: {fileID: 4867836709701792, guid: 03d2b2d44e00db040a367408d53cef7e, type: 2}
      propertyPath: m_LocalPosition.x
      value: -2.2149231
      objectReference: {fileID: 0}
    - target: {fileID: 4867836709701792, guid: 03d2b2d44e00db040a367408d53cef7e, type: 2}
      propertyPath: m_LocalPosition.y
      value: 1.7978363
      objectReference: {fileID: 0}
    - target: {fileID: 4867836709701792, guid: 03d2b2d44e00db040a367408d53cef7e, type: 2}
      propertyPath: m_LocalPosition.z
      value: 0
      objectReference: {fileID: 0}
    - target: {fileID: 4867836709701792, guid: 03d2b2d44e00db040a367408d53cef7e, type: 2}
      propertyPath: m_LocalRotation.x
      value: -0
      objectReference: {fileID: 0}
    - target: {fileID: 4867836709701792, guid: 03d2b2d44e00db040a367408d53cef7e, type: 2}
      propertyPath: m_LocalRotation.y
      value: -0
      objectReference: {fileID: 0}
    - target: {fileID: 4867836709701792, guid: 03d2b2d44e00db040a367408d53cef7e, type: 2}
      propertyPath: m_LocalRotation.z
      value: 0.41074908
      objectReference: {fileID: 0}
    - target: {fileID: 4867836709701792, guid: 03d2b2d44e00db040a367408d53cef7e, type: 2}
      propertyPath: m_LocalRotation.w
      value: 0.91174847
      objectReference: {fileID: 0}
    - target: {fileID: 4867836709701792, guid: 03d2b2d44e00db040a367408d53cef7e, type: 2}
      propertyPath: m_RootOrder
      value: 7
      objectReference: {fileID: 0}
    - target: {fileID: 4867836709701792, guid: 03d2b2d44e00db040a367408d53cef7e, type: 2}
      propertyPath: m_LocalScale.x
      value: 0.20000002
      objectReference: {fileID: 0}
    - target: {fileID: 4867836709701792, guid: 03d2b2d44e00db040a367408d53cef7e, type: 2}
      propertyPath: m_LocalScale.y
      value: 0.20000002
      objectReference: {fileID: 0}
    - target: {fileID: 4867836709701792, guid: 03d2b2d44e00db040a367408d53cef7e, type: 2}
      propertyPath: m_LocalScale.z
      value: 0.026935551
      objectReference: {fileID: 0}
    - target: {fileID: 4867836709701792, guid: 03d2b2d44e00db040a367408d53cef7e, type: 2}
      propertyPath: m_LocalEulerAnglesHint.z
      value: -10.398001
      objectReference: {fileID: 0}
    - target: {fileID: 1613353382135192, guid: 03d2b2d44e00db040a367408d53cef7e, type: 2}
      propertyPath: m_Name
      value: Spikes (3)
      objectReference: {fileID: 0}
    m_RemovedComponents: []
  m_ParentPrefab: {fileID: 100100000, guid: 03d2b2d44e00db040a367408d53cef7e, type: 2}
  m_IsPrefabParent: 0
--- !u!1001 &307786556
Prefab:
  m_ObjectHideFlags: 0
  serializedVersion: 2
  m_Modification:
    m_TransformParent: {fileID: 1337743169}
    m_Modifications:
    - target: {fileID: 4867836709701792, guid: 03d2b2d44e00db040a367408d53cef7e, type: 2}
      propertyPath: m_LocalPosition.x
      value: 1.4
      objectReference: {fileID: 0}
    - target: {fileID: 4867836709701792, guid: 03d2b2d44e00db040a367408d53cef7e, type: 2}
      propertyPath: m_LocalPosition.y
      value: 2.78
      objectReference: {fileID: 0}
    - target: {fileID: 4867836709701792, guid: 03d2b2d44e00db040a367408d53cef7e, type: 2}
      propertyPath: m_LocalPosition.z
      value: 0
      objectReference: {fileID: 0}
    - target: {fileID: 4867836709701792, guid: 03d2b2d44e00db040a367408d53cef7e, type: 2}
      propertyPath: m_LocalRotation.x
      value: -0
      objectReference: {fileID: 0}
    - target: {fileID: 4867836709701792, guid: 03d2b2d44e00db040a367408d53cef7e, type: 2}
      propertyPath: m_LocalRotation.y
      value: -0
      objectReference: {fileID: 0}
    - target: {fileID: 4867836709701792, guid: 03d2b2d44e00db040a367408d53cef7e, type: 2}
      propertyPath: m_LocalRotation.z
      value: -0.2214664
      objectReference: {fileID: 0}
    - target: {fileID: 4867836709701792, guid: 03d2b2d44e00db040a367408d53cef7e, type: 2}
      propertyPath: m_LocalRotation.w
      value: 0.97516805
      objectReference: {fileID: 0}
    - target: {fileID: 4867836709701792, guid: 03d2b2d44e00db040a367408d53cef7e, type: 2}
      propertyPath: m_RootOrder
      value: 5
      objectReference: {fileID: 0}
    - target: {fileID: 4867836709701792, guid: 03d2b2d44e00db040a367408d53cef7e, type: 2}
      propertyPath: m_LocalScale.x
      value: 0.25
      objectReference: {fileID: 0}
    - target: {fileID: 4867836709701792, guid: 03d2b2d44e00db040a367408d53cef7e, type: 2}
      propertyPath: m_LocalScale.y
      value: 0.25
      objectReference: {fileID: 0}
    - target: {fileID: 4867836709701792, guid: 03d2b2d44e00db040a367408d53cef7e, type: 2}
      propertyPath: m_LocalScale.z
      value: 0.02693556
      objectReference: {fileID: 0}
    - target: {fileID: 4867836709701792, guid: 03d2b2d44e00db040a367408d53cef7e, type: 2}
      propertyPath: m_LocalEulerAnglesHint.z
      value: -25.590002
      objectReference: {fileID: 0}
    - target: {fileID: 1613353382135192, guid: 03d2b2d44e00db040a367408d53cef7e, type: 2}
      propertyPath: m_Name
      value: Spikes (8)
      objectReference: {fileID: 0}
    m_RemovedComponents: []
  m_ParentPrefab: {fileID: 100100000, guid: 03d2b2d44e00db040a367408d53cef7e, type: 2}
  m_IsPrefabParent: 0
--- !u!4 &307786557 stripped
Transform:
  m_PrefabParentObject: {fileID: 4867836709701792, guid: 03d2b2d44e00db040a367408d53cef7e,
    type: 2}
  m_PrefabInternal: {fileID: 307786556}
--- !u!1 &336377817
GameObject:
  m_ObjectHideFlags: 0
  m_PrefabParentObject: {fileID: 0}
  m_PrefabInternal: {fileID: 0}
  serializedVersion: 5
  m_Component:
  - component: {fileID: 336377818}
  - component: {fileID: 336377819}
  - component: {fileID: 336377820}
  m_Layer: 0
  m_Name: World
  m_TagString: world
  m_Icon: {fileID: 0}
  m_NavMeshLayer: 0
  m_StaticEditorFlags: 0
  m_IsActive: 1
--- !u!4 &336377818
Transform:
  m_ObjectHideFlags: 0
  m_PrefabParentObject: {fileID: 0}
  m_PrefabInternal: {fileID: 0}
  m_GameObject: {fileID: 336377817}
  m_LocalRotation: {x: 0, y: 0, z: 0, w: 1}
  m_LocalPosition: {x: 0, y: 0, z: 0}
  m_LocalScale: {x: 1, y: 1, z: 1}
  m_Children:
  - {fileID: 46395661}
  - {fileID: 1385910904}
  - {fileID: 76383019}
  - {fileID: 1337743169}
  m_Father: {fileID: 0}
  m_RootOrder: 3
  m_LocalEulerAnglesHint: {x: 0, y: 0, z: 0}
--- !u!114 &336377819
MonoBehaviour:
  m_ObjectHideFlags: 0
  m_PrefabParentObject: {fileID: 0}
  m_PrefabInternal: {fileID: 0}
  m_GameObject: {fileID: 336377817}
  m_Enabled: 1
  m_EditorHideFlags: 0
  m_Script: {fileID: 11500000, guid: d181f0da846b79b418c94068606db144, type: 3}
  m_Name: 
  m_EditorClassIdentifier: 
  level_complete: 0
  next_level_id: 12
  srt: {fileID: 1384516735}
  leaderboard: {fileID: 1384516736}
--- !u!114 &336377820
MonoBehaviour:
  m_ObjectHideFlags: 0
  m_PrefabParentObject: {fileID: 0}
  m_PrefabInternal: {fileID: 0}
  m_GameObject: {fileID: 336377817}
  m_Enabled: 1
  m_EditorHideFlags: 0
  m_Script: {fileID: 11500000, guid: 7ae9da4386a0b7b47871ffcae56acb8e, type: 3}
  m_Name: 
  m_EditorClassIdentifier: 
  bgm: {fileID: 82281418771021472, guid: 703f52eb009b1024183cf7e38a06abcf, type: 2}
--- !u!4 &425401855 stripped
Transform:
  m_PrefabParentObject: {fileID: 4867836709701792, guid: 03d2b2d44e00db040a367408d53cef7e,
    type: 2}
  m_PrefabInternal: {fileID: 671259499}
--- !u!1001 &426422580
Prefab:
  m_ObjectHideFlags: 0
  serializedVersion: 2
  m_Modification:
    m_TransformParent: {fileID: 1337743169}
    m_Modifications:
    - target: {fileID: 4867836709701792, guid: 03d2b2d44e00db040a367408d53cef7e, type: 2}
      propertyPath: m_LocalPosition.x
      value: 2.22
      objectReference: {fileID: 0}
    - target: {fileID: 4867836709701792, guid: 03d2b2d44e00db040a367408d53cef7e, type: 2}
      propertyPath: m_LocalPosition.y
      value: -2.12
      objectReference: {fileID: 0}
    - target: {fileID: 4867836709701792, guid: 03d2b2d44e00db040a367408d53cef7e, type: 2}
      propertyPath: m_LocalPosition.z
      value: 0
      objectReference: {fileID: 0}
    - target: {fileID: 4867836709701792, guid: 03d2b2d44e00db040a367408d53cef7e, type: 2}
      propertyPath: m_LocalRotation.x
      value: -0
      objectReference: {fileID: 0}
    - target: {fileID: 4867836709701792, guid: 03d2b2d44e00db040a367408d53cef7e, type: 2}
      propertyPath: m_LocalRotation.y
      value: -0
      objectReference: {fileID: 0}
    - target: {fileID: 4867836709701792, guid: 03d2b2d44e00db040a367408d53cef7e, type: 2}
      propertyPath: m_LocalRotation.z
      value: -0.9008123
      objectReference: {fileID: 0}
    - target: {fileID: 4867836709701792, guid: 03d2b2d44e00db040a367408d53cef7e, type: 2}
      propertyPath: m_LocalRotation.w
      value: 0.43420863
      objectReference: {fileID: 0}
    - target: {fileID: 4867836709701792, guid: 03d2b2d44e00db040a367408d53cef7e, type: 2}
      propertyPath: m_RootOrder
      value: 6
      objectReference: {fileID: 0}
    - target: {fileID: 4867836709701792, guid: 03d2b2d44e00db040a367408d53cef7e, type: 2}
      propertyPath: m_LocalScale.x
      value: 0.25000006
      objectReference: {fileID: 0}
    - target: {fileID: 4867836709701792, guid: 03d2b2d44e00db040a367408d53cef7e, type: 2}
      propertyPath: m_LocalScale.y
      value: 0.25000006
      objectReference: {fileID: 0}
    - target: {fileID: 4867836709701792, guid: 03d2b2d44e00db040a367408d53cef7e, type: 2}
      propertyPath: m_LocalScale.z
      value: 0.02693556
      objectReference: {fileID: 0}
    - target: {fileID: 4867836709701792, guid: 03d2b2d44e00db040a367408d53cef7e, type: 2}
      propertyPath: m_LocalEulerAnglesHint.z
      value: -128.53
      objectReference: {fileID: 0}
    - target: {fileID: 1613353382135192, guid: 03d2b2d44e00db040a367408d53cef7e, type: 2}
      propertyPath: m_Name
      value: Spikes (9)
      objectReference: {fileID: 0}
    m_RemovedComponents: []
  m_ParentPrefab: {fileID: 100100000, guid: 03d2b2d44e00db040a367408d53cef7e, type: 2}
  m_IsPrefabParent: 0
--- !u!4 &426422581 stripped
Transform:
  m_PrefabParentObject: {fileID: 4867836709701792, guid: 03d2b2d44e00db040a367408d53cef7e,
    type: 2}
  m_PrefabInternal: {fileID: 426422580}
--- !u!20 &484097353 stripped
Camera:
  m_PrefabParentObject: {fileID: 20513260154739556, guid: a2ab2879feee18a45a93b0dcaebb2528,
    type: 2}
  m_PrefabInternal: {fileID: 1475686213}
--- !u!1 &512432267
GameObject:
  m_ObjectHideFlags: 0
  m_PrefabParentObject: {fileID: 0}
  m_PrefabInternal: {fileID: 0}
  serializedVersion: 5
  m_Component:
  - component: {fileID: 512432271}
  - component: {fileID: 512432270}
  - component: {fileID: 512432269}
  - component: {fileID: 512432268}
  m_Layer: 0
  m_Name: Backdrop
  m_TagString: Untagged
  m_Icon: {fileID: 0}
  m_NavMeshLayer: 0
  m_StaticEditorFlags: 0
  m_IsActive: 1
--- !u!23 &512432268
MeshRenderer:
  m_ObjectHideFlags: 0
  m_PrefabParentObject: {fileID: 0}
  m_PrefabInternal: {fileID: 0}
  m_GameObject: {fileID: 512432267}
  m_Enabled: 1
  m_CastShadows: 1
  m_ReceiveShadows: 1
  m_DynamicOccludee: 1
  m_MotionVectors: 1
  m_LightProbeUsage: 1
  m_ReflectionProbeUsage: 1
  m_Materials:
  - {fileID: 2100000, guid: 047af7d3d54d85843a542c6d7ab93e14, type: 2}
  m_StaticBatchInfo:
    firstSubMesh: 0
    subMeshCount: 0
  m_StaticBatchRoot: {fileID: 0}
  m_ProbeAnchor: {fileID: 0}
  m_LightProbeVolumeOverride: {fileID: 0}
  m_ScaleInLightmap: 1
  m_PreserveUVs: 1
  m_IgnoreNormalsForChartDetection: 0
  m_ImportantGI: 0
  m_StitchLightmapSeams: 0
  m_SelectedEditorRenderState: 3
  m_MinimumChartSize: 4
  m_AutoUVMaxDistance: 0.5
  m_AutoUVMaxAngle: 89
  m_LightmapParameters: {fileID: 0}
  m_SortingLayerID: 0
  m_SortingLayer: 0
  m_SortingOrder: 0
--- !u!64 &512432269
MeshCollider:
  m_ObjectHideFlags: 0
  m_PrefabParentObject: {fileID: 0}
  m_PrefabInternal: {fileID: 0}
  m_GameObject: {fileID: 512432267}
  m_Material: {fileID: 0}
  m_IsTrigger: 0
  m_Enabled: 1
  serializedVersion: 3
  m_Convex: 0
  m_CookingOptions: 14
  m_SkinWidth: 0.01
  m_Mesh: {fileID: 10209, guid: 0000000000000000e000000000000000, type: 0}
--- !u!33 &512432270
MeshFilter:
  m_ObjectHideFlags: 0
  m_PrefabParentObject: {fileID: 0}
  m_PrefabInternal: {fileID: 0}
  m_GameObject: {fileID: 512432267}
  m_Mesh: {fileID: 10209, guid: 0000000000000000e000000000000000, type: 0}
--- !u!4 &512432271
Transform:
  m_ObjectHideFlags: 0
  m_PrefabParentObject: {fileID: 0}
  m_PrefabInternal: {fileID: 0}
  m_GameObject: {fileID: 512432267}
  m_LocalRotation: {x: -0.7071068, y: 0, z: 0, w: 0.7071068}
  m_LocalPosition: {x: 0, y: 0, z: 0}
  m_LocalScale: {x: 4.7367196, y: 1, z: 2.4749954}
  m_Children: []
  m_Father: {fileID: 0}
  m_RootOrder: 2
  m_LocalEulerAnglesHint: {x: -90, y: 0, z: 0}
--- !u!1001 &671259499
Prefab:
  m_ObjectHideFlags: 0
  serializedVersion: 2
  m_Modification:
    m_TransformParent: {fileID: 895890768}
    m_Modifications:
    - target: {fileID: 4867836709701792, guid: 03d2b2d44e00db040a367408d53cef7e, type: 2}
      propertyPath: m_LocalPosition.x
      value: -2.79626
      objectReference: {fileID: 0}
    - target: {fileID: 4867836709701792, guid: 03d2b2d44e00db040a367408d53cef7e, type: 2}
      propertyPath: m_LocalPosition.y
      value: -0.9079502
      objectReference: {fileID: 0}
    - target: {fileID: 4867836709701792, guid: 03d2b2d44e00db040a367408d53cef7e, type: 2}
      propertyPath: m_LocalPosition.z
      value: 0
      objectReference: {fileID: 0}
    - target: {fileID: 4867836709701792, guid: 03d2b2d44e00db040a367408d53cef7e, type: 2}
      propertyPath: m_LocalRotation.x
      value: -0
      objectReference: {fileID: 0}
    - target: {fileID: 4867836709701792, guid: 03d2b2d44e00db040a367408d53cef7e, type: 2}
      propertyPath: m_LocalRotation.y
      value: -0
      objectReference: {fileID: 0}
    - target: {fileID: 4867836709701792, guid: 03d2b2d44e00db040a367408d53cef7e, type: 2}
      propertyPath: m_LocalRotation.z
      value: 0.8243361
      objectReference: {fileID: 0}
    - target: {fileID: 4867836709701792, guid: 03d2b2d44e00db040a367408d53cef7e, type: 2}
      propertyPath: m_LocalRotation.w
      value: 0.5661008
      objectReference: {fileID: 0}
    - target: {fileID: 4867836709701792, guid: 03d2b2d44e00db040a367408d53cef7e, type: 2}
      propertyPath: m_RootOrder
      value: 5
      objectReference: {fileID: 0}
    - target: {fileID: 4867836709701792, guid: 03d2b2d44e00db040a367408d53cef7e, type: 2}
      propertyPath: m_LocalScale.x
      value: 0.2000001
      objectReference: {fileID: 0}
    - target: {fileID: 4867836709701792, guid: 03d2b2d44e00db040a367408d53cef7e, type: 2}
      propertyPath: m_LocalScale.y
      value: 0.2000001
      objectReference: {fileID: 0}
    - target: {fileID: 4867836709701792, guid: 03d2b2d44e00db040a367408d53cef7e, type: 2}
      propertyPath: m_LocalScale.z
      value: 0.026935544
      objectReference: {fileID: 0}
    - target: {fileID: 4867836709701792, guid: 03d2b2d44e00db040a367408d53cef7e, type: 2}
      propertyPath: m_LocalEulerAnglesHint.z
      value: -10.398001
      objectReference: {fileID: 0}
    - target: {fileID: 1613353382135192, guid: 03d2b2d44e00db040a367408d53cef7e, type: 2}
      propertyPath: m_Name
      value: Spikes (3)
      objectReference: {fileID: 0}
    m_RemovedComponents: []
  m_ParentPrefab: {fileID: 100100000, guid: 03d2b2d44e00db040a367408d53cef7e, type: 2}
  m_IsPrefabParent: 0
--- !u!1 &710025987 stripped
GameObject:
  m_PrefabParentObject: {fileID: 1189192199795344, guid: c686d7c080e97714bbfea375c08913a1,
    type: 2}
  m_PrefabInternal: {fileID: 1384516734}
--- !u!1 &759200503
GameObject:
  m_ObjectHideFlags: 0
  m_PrefabParentObject: {fileID: 1121341155507062, guid: 448e285041b53244fba55fa93a600269,
    type: 2}
  m_PrefabInternal: {fileID: 0}
  serializedVersion: 5
  m_Component:
  - component: {fileID: 759200504}
  - component: {fileID: 759200507}
  - component: {fileID: 759200506}
  - component: {fileID: 759200505}
  m_Layer: 0
  m_Name: Gravity_Field
  m_TagString: gravity_field
  m_Icon: {fileID: 0}
  m_NavMeshLayer: 0
  m_StaticEditorFlags: 0
  m_IsActive: 1
--- !u!4 &759200504
Transform:
  m_ObjectHideFlags: 0
  m_PrefabParentObject: {fileID: 4095708436314900, guid: 448e285041b53244fba55fa93a600269,
    type: 2}
  m_PrefabInternal: {fileID: 0}
  m_GameObject: {fileID: 759200503}
  m_LocalRotation: {x: -0, y: -0, z: -0, w: 1}
  m_LocalPosition: {x: 0, y: 0, z: 0}
  m_LocalScale: {x: 7, y: 7, z: 0.16412109}
  m_Children: []
  m_Father: {fileID: 1337743169}
  m_RootOrder: 1
  m_LocalEulerAnglesHint: {x: 0, y: 0, z: 0}
--- !u!114 &759200505
MonoBehaviour:
  m_ObjectHideFlags: 0
  m_PrefabParentObject: {fileID: 114436233685165668, guid: 448e285041b53244fba55fa93a600269,
    type: 2}
  m_PrefabInternal: {fileID: 0}
  m_GameObject: {fileID: 759200503}
  m_Enabled: 1
  m_EditorHideFlags: 0
  m_Script: {fileID: 11500000, guid: da2d0f68964977e49b0a770f14b22ef2, type: 3}
  m_Name: 
  m_EditorClassIdentifier: 
  gf: {fileID: 1337743170}
--- !u!58 &759200506
CircleCollider2D:
  m_ObjectHideFlags: 0
  m_PrefabParentObject: {fileID: 58810947210637052, guid: 448e285041b53244fba55fa93a600269,
    type: 2}
  m_PrefabInternal: {fileID: 0}
  m_GameObject: {fileID: 759200503}
  m_Enabled: 1
  m_Density: 1
  m_Material: {fileID: 0}
  m_IsTrigger: 1
  m_UsedByEffector: 0
  m_UsedByComposite: 0
  m_Offset: {x: 0, y: 0}
  serializedVersion: 2
  m_Radius: 0.5
--- !u!212 &759200507
SpriteRenderer:
  m_ObjectHideFlags: 0
  m_PrefabParentObject: {fileID: 212983330773143558, guid: 448e285041b53244fba55fa93a600269,
    type: 2}
  m_PrefabInternal: {fileID: 0}
  m_GameObject: {fileID: 759200503}
  m_Enabled: 1
  m_CastShadows: 0
  m_ReceiveShadows: 0
  m_DynamicOccludee: 1
  m_MotionVectors: 1
  m_LightProbeUsage: 1
  m_ReflectionProbeUsage: 1
  m_Materials:
  - {fileID: 10754, guid: 0000000000000000f000000000000000, type: 0}
  m_StaticBatchInfo:
    firstSubMesh: 0
    subMeshCount: 0
  m_StaticBatchRoot: {fileID: 0}
  m_ProbeAnchor: {fileID: 0}
  m_LightProbeVolumeOverride: {fileID: 0}
  m_ScaleInLightmap: 1
  m_PreserveUVs: 0
  m_IgnoreNormalsForChartDetection: 0
  m_ImportantGI: 0
  m_StitchLightmapSeams: 0
  m_SelectedEditorRenderState: 0
  m_MinimumChartSize: 4
  m_AutoUVMaxDistance: 0.5
  m_AutoUVMaxAngle: 89
  m_LightmapParameters: {fileID: 0}
  m_SortingLayerID: 0
  m_SortingLayer: 0
  m_SortingOrder: -1
  m_Sprite: {fileID: 21300000, guid: aa761e717078182409872da83f72c490, type: 3}
  m_Color: {r: 0.39608565, g: 0.46703404, b: 0.72794116, a: 0.528}
  m_FlipX: 0
  m_FlipY: 0
  m_DrawMode: 0
  m_Size: {x: 1, y: 1}
  m_AdaptiveModeThreshold: 0.5
  m_SpriteTileMode: 0
  m_WasSpriteAssigned: 1
  m_MaskInteraction: 0
--- !u!1 &801480464
GameObject:
  m_ObjectHideFlags: 0
  m_PrefabParentObject: {fileID: 0}
  m_PrefabInternal: {fileID: 0}
  serializedVersion: 5
  m_Component:
  - component: {fileID: 801480467}
  - component: {fileID: 801480466}
  - component: {fileID: 801480465}
  m_Layer: 0
  m_Name: EventSystem
  m_TagString: Untagged
  m_Icon: {fileID: 0}
  m_NavMeshLayer: 0
  m_StaticEditorFlags: 0
  m_IsActive: 1
--- !u!114 &801480465
MonoBehaviour:
  m_ObjectHideFlags: 0
  m_PrefabParentObject: {fileID: 0}
  m_PrefabInternal: {fileID: 0}
  m_GameObject: {fileID: 801480464}
  m_Enabled: 1
  m_EditorHideFlags: 0
  m_Script: {fileID: 1077351063, guid: f70555f144d8491a825f0804e09c671c, type: 3}
  m_Name: 
  m_EditorClassIdentifier: 
  m_HorizontalAxis: Horizontal
  m_VerticalAxis: Vertical
  m_SubmitButton: Submit
  m_CancelButton: Cancel
  m_InputActionsPerSecond: 10
  m_RepeatDelay: 0.5
  m_ForceModuleActive: 0
--- !u!114 &801480466
MonoBehaviour:
  m_ObjectHideFlags: 0
  m_PrefabParentObject: {fileID: 0}
  m_PrefabInternal: {fileID: 0}
  m_GameObject: {fileID: 801480464}
  m_Enabled: 1
  m_EditorHideFlags: 0
  m_Script: {fileID: -619905303, guid: f70555f144d8491a825f0804e09c671c, type: 3}
  m_Name: 
  m_EditorClassIdentifier: 
  m_FirstSelected: {fileID: 0}
  m_sendNavigationEvents: 1
  m_DragThreshold: 5
--- !u!4 &801480467
Transform:
  m_ObjectHideFlags: 0
  m_PrefabParentObject: {fileID: 0}
  m_PrefabInternal: {fileID: 0}
  m_GameObject: {fileID: 801480464}
  m_LocalRotation: {x: 0, y: 0, z: 0, w: 1}
  m_LocalPosition: {x: 0, y: 0, z: 0}
  m_LocalScale: {x: 1, y: 1, z: 1}
  m_Children: []
  m_Father: {fileID: 0}
  m_RootOrder: 4
  m_LocalEulerAnglesHint: {x: 0, y: 0, z: 0}
--- !u!1 &895890767
GameObject:
  m_ObjectHideFlags: 0
  m_PrefabParentObject: {fileID: 0}
  m_PrefabInternal: {fileID: 0}
  serializedVersion: 5
  m_Component:
  - component: {fileID: 895890768}
  m_Layer: 0
  m_Name: Spikes_Group
  m_TagString: Untagged
  m_Icon: {fileID: 0}
  m_NavMeshLayer: 0
  m_StaticEditorFlags: 0
  m_IsActive: 1
--- !u!4 &895890768
Transform:
  m_ObjectHideFlags: 0
  m_PrefabParentObject: {fileID: 0}
  m_PrefabInternal: {fileID: 0}
  m_GameObject: {fileID: 895890767}
  m_LocalRotation: {x: 0, y: 0, z: 0, w: 1}
  m_LocalPosition: {x: 0, y: 0, z: 0}
  m_LocalScale: {x: 1, y: 1, z: 1}
  m_Children:
  - {fileID: 2004124645}
  - {fileID: 1577465301}
  - {fileID: 51612321}
  - {fileID: 425401855}
  - {fileID: 1666122393}
  - {fileID: 1944802839}
  - {fileID: 1119088498}
  - {fileID: 168617212}
  m_Father: {fileID: 1385910904}
  m_RootOrder: 2
  m_LocalEulerAnglesHint: {x: 0, y: 0, z: 0}
--- !u!1001 &983452982
Prefab:
  m_ObjectHideFlags: 0
  serializedVersion: 2
  m_Modification:
    m_TransformParent: {fileID: 895890768}
    m_Modifications:
    - target: {fileID: 4867836709701792, guid: 03d2b2d44e00db040a367408d53cef7e, type: 2}
      propertyPath: m_LocalPosition.x
      value: -1.52
      objectReference: {fileID: 0}
    - target: {fileID: 4867836709701792, guid: 03d2b2d44e00db040a367408d53cef7e, type: 2}
      propertyPath: m_LocalPosition.y
      value: 2.54
      objectReference: {fileID: 0}
    - target: {fileID: 4867836709701792, guid: 03d2b2d44e00db040a367408d53cef7e, type: 2}
      propertyPath: m_LocalPosition.z
      value: 0
      objectReference: {fileID: 0}
    - target: {fileID: 4867836709701792, guid: 03d2b2d44e00db040a367408d53cef7e, type: 2}
      propertyPath: m_LocalRotation.x
      value: -0
      objectReference: {fileID: 0}
    - target: {fileID: 4867836709701792, guid: 03d2b2d44e00db040a367408d53cef7e, type: 2}
      propertyPath: m_LocalRotation.y
      value: -0
      objectReference: {fileID: 0}
    - target: {fileID: 4867836709701792, guid: 03d2b2d44e00db040a367408d53cef7e, type: 2}
      propertyPath: m_LocalRotation.z
      value: 0.28327003
      objectReference: {fileID: 0}
    - target: {fileID: 4867836709701792, guid: 03d2b2d44e00db040a367408d53cef7e, type: 2}
      propertyPath: m_LocalRotation.w
      value: 0.9590403
      objectReference: {fileID: 0}
    - target: {fileID: 4867836709701792, guid: 03d2b2d44e00db040a367408d53cef7e, type: 2}
      propertyPath: m_RootOrder
      value: 2
      objectReference: {fileID: 0}
    - target: {fileID: 4867836709701792, guid: 03d2b2d44e00db040a367408d53cef7e, type: 2}
      propertyPath: m_LocalScale.x
      value: 0.19999999
      objectReference: {fileID: 0}
    - target: {fileID: 4867836709701792, guid: 03d2b2d44e00db040a367408d53cef7e, type: 2}
      propertyPath: m_LocalScale.y
      value: 0.19999999
      objectReference: {fileID: 0}
    - target: {fileID: 4867836709701792, guid: 03d2b2d44e00db040a367408d53cef7e, type: 2}
      propertyPath: m_LocalScale.z
      value: 0.026935551
      objectReference: {fileID: 0}
    - target: {fileID: 4867836709701792, guid: 03d2b2d44e00db040a367408d53cef7e, type: 2}
      propertyPath: m_LocalEulerAnglesHint.z
      value: 32.911003
      objectReference: {fileID: 0}
    - target: {fileID: 1613353382135192, guid: 03d2b2d44e00db040a367408d53cef7e, type: 2}
      propertyPath: m_Name
      value: Spikes (2)
      objectReference: {fileID: 0}
    m_RemovedComponents: []
  m_ParentPrefab: {fileID: 100100000, guid: 03d2b2d44e00db040a367408d53cef7e, type: 2}
  m_IsPrefabParent: 0
--- !u!1 &1058977841
GameObject:
  m_ObjectHideFlags: 0
  m_PrefabParentObject: {fileID: 1257427517023984, guid: a4a472c66618adc468e64970d425ab72,
    type: 2}
  m_PrefabInternal: {fileID: 0}
  serializedVersion: 5
  m_Component:
  - component: {fileID: 1058977842}
  - component: {fileID: 1058977843}
  m_Layer: 0
  m_Name: Halo
  m_TagString: Untagged
  m_Icon: {fileID: 0}
  m_NavMeshLayer: 0
  m_StaticEditorFlags: 0
  m_IsActive: 1
--- !u!4 &1058977842
Transform:
  m_ObjectHideFlags: 0
  m_PrefabParentObject: {fileID: 4132189677222592, guid: a4a472c66618adc468e64970d425ab72,
    type: 2}
  m_PrefabInternal: {fileID: 0}
  m_GameObject: {fileID: 1058977841}
  m_LocalRotation: {x: -0, y: -0, z: -0, w: 1}
  m_LocalPosition: {x: 0, y: 0, z: 0}
  m_LocalScale: {x: 1.4624963, y: 1.3666648, z: 0}
  m_Children: []
  m_Father: {fileID: 76383019}
  m_RootOrder: 0
  m_LocalEulerAnglesHint: {x: 0, y: 0, z: 0}
--- !u!212 &1058977843
SpriteRenderer:
  m_ObjectHideFlags: 0
  m_PrefabParentObject: {fileID: 212992825519379432, guid: a4a472c66618adc468e64970d425ab72,
    type: 2}
  m_PrefabInternal: {fileID: 0}
  m_GameObject: {fileID: 1058977841}
  m_Enabled: 1
  m_CastShadows: 0
  m_ReceiveShadows: 0
  m_DynamicOccludee: 1
  m_MotionVectors: 1
  m_LightProbeUsage: 1
  m_ReflectionProbeUsage: 1
  m_Materials:
  - {fileID: 10754, guid: 0000000000000000f000000000000000, type: 0}
  m_StaticBatchInfo:
    firstSubMesh: 0
    subMeshCount: 0
  m_StaticBatchRoot: {fileID: 0}
  m_ProbeAnchor: {fileID: 0}
  m_LightProbeVolumeOverride: {fileID: 0}
  m_ScaleInLightmap: 1
  m_PreserveUVs: 0
  m_IgnoreNormalsForChartDetection: 0
  m_ImportantGI: 0
  m_StitchLightmapSeams: 0
  m_SelectedEditorRenderState: 0
  m_MinimumChartSize: 4
  m_AutoUVMaxDistance: 0.5
  m_AutoUVMaxAngle: 89
  m_LightmapParameters: {fileID: 0}
  m_SortingLayerID: 0
  m_SortingLayer: 0
  m_SortingOrder: 0
  m_Sprite: {fileID: 21300000, guid: 22d54e60fb309494fb0b1ce5a38c8a5e, type: 3}
  m_Color: {r: 0.7941176, g: 0.77398276, b: 0.064230114, a: 1}
  m_FlipX: 0
  m_FlipY: 0
  m_DrawMode: 0
  m_Size: {x: 1, y: 1}
  m_AdaptiveModeThreshold: 0.5
  m_SpriteTileMode: 0
  m_WasSpriteAssigned: 1
  m_MaskInteraction: 0
--- !u!1 &1066055733
GameObject:
  m_ObjectHideFlags: 0
  m_PrefabParentObject: {fileID: 1366941044706008, guid: 448e285041b53244fba55fa93a600269,
    type: 2}
  m_PrefabInternal: {fileID: 0}
  serializedVersion: 5
  m_Component:
  - component: {fileID: 1066055734}
  m_Layer: 0
  m_Name: GroundField
  m_TagString: ground
  m_Icon: {fileID: 0}
  m_NavMeshLayer: 0
  m_StaticEditorFlags: 0
  m_IsActive: 0
--- !u!4 &1066055734
Transform:
  m_ObjectHideFlags: 0
  m_PrefabParentObject: {fileID: 4727094295794186, guid: 448e285041b53244fba55fa93a600269,
    type: 2}
  m_PrefabInternal: {fileID: 0}
  m_GameObject: {fileID: 1066055733}
  m_LocalRotation: {x: 0, y: 0, z: 0, w: 1}
  m_LocalPosition: {x: 0, y: 0, z: 0}
  m_LocalScale: {x: 1, y: 1, z: 1}
  m_Children: []
  m_Father: {fileID: 1337743169}
  m_RootOrder: 0
  m_LocalEulerAnglesHint: {x: 0, y: 0, z: 0}
--- !u!4 &1119088498 stripped
Transform:
  m_PrefabParentObject: {fileID: 4867836709701792, guid: 03d2b2d44e00db040a367408d53cef7e,
    type: 2}
  m_PrefabInternal: {fileID: 23144382}
--- !u!1001 &1173262569
Prefab:
  m_ObjectHideFlags: 0
  serializedVersion: 2
  m_Modification:
    m_TransformParent: {fileID: 895890768}
    m_Modifications:
    - target: {fileID: 4867836709701792, guid: 03d2b2d44e00db040a367408d53cef7e, type: 2}
      propertyPath: m_LocalPosition.x
      value: -0.43
      objectReference: {fileID: 0}
    - target: {fileID: 4867836709701792, guid: 03d2b2d44e00db040a367408d53cef7e, type: 2}
      propertyPath: m_LocalPosition.y
      value: 2.87
      objectReference: {fileID: 0}
    - target: {fileID: 4867836709701792, guid: 03d2b2d44e00db040a367408d53cef7e, type: 2}
      propertyPath: m_LocalPosition.z
      value: 0
      objectReference: {fileID: 0}
    - target: {fileID: 4867836709701792, guid: 03d2b2d44e00db040a367408d53cef7e, type: 2}
      propertyPath: m_LocalRotation.x
      value: -0
      objectReference: {fileID: 0}
    - target: {fileID: 4867836709701792, guid: 03d2b2d44e00db040a367408d53cef7e, type: 2}
      propertyPath: m_LocalRotation.y
      value: -0
      objectReference: {fileID: 0}
    - target: {fileID: 4867836709701792, guid: 03d2b2d44e00db040a367408d53cef7e, type: 2}
      propertyPath: m_LocalRotation.z
      value: 0.017016944
      objectReference: {fileID: 0}
    - target: {fileID: 4867836709701792, guid: 03d2b2d44e00db040a367408d53cef7e, type: 2}
      propertyPath: m_LocalRotation.w
      value: 0.9998552
      objectReference: {fileID: 0}
    - target: {fileID: 4867836709701792, guid: 03d2b2d44e00db040a367408d53cef7e, type: 2}
      propertyPath: m_RootOrder
      value: 1
      objectReference: {fileID: 0}
    - target: {fileID: 4867836709701792, guid: 03d2b2d44e00db040a367408d53cef7e, type: 2}
      propertyPath: m_LocalScale.x
      value: 0.2
      objectReference: {fileID: 0}
    - target: {fileID: 4867836709701792, guid: 03d2b2d44e00db040a367408d53cef7e, type: 2}
      propertyPath: m_LocalScale.y
      value: 0.2
      objectReference: {fileID: 0}
    - target: {fileID: 4867836709701792, guid: 03d2b2d44e00db040a367408d53cef7e, type: 2}
      propertyPath: m_LocalScale.z
      value: 0.026935551
      objectReference: {fileID: 0}
    - target: {fileID: 4867836709701792, guid: 03d2b2d44e00db040a367408d53cef7e, type: 2}
      propertyPath: m_LocalEulerAnglesHint.z
      value: 1.95
      objectReference: {fileID: 0}
    - target: {fileID: 1613353382135192, guid: 03d2b2d44e00db040a367408d53cef7e, type: 2}
      propertyPath: m_Name
      value: Spikes (1)
      objectReference: {fileID: 0}
    m_RemovedComponents: []
  m_ParentPrefab: {fileID: 100100000, guid: 03d2b2d44e00db040a367408d53cef7e, type: 2}
  m_IsPrefabParent: 0
--- !u!1001 &1304040253
Prefab:
  m_ObjectHideFlags: 0
  serializedVersion: 2
  m_Modification:
    m_TransformParent: {fileID: 895890768}
    m_Modifications:
    - target: {fileID: 4867836709701792, guid: 03d2b2d44e00db040a367408d53cef7e, type: 2}
      propertyPath: m_LocalPosition.x
      value: 0.54
      objectReference: {fileID: 0}
    - target: {fileID: 4867836709701792, guid: 03d2b2d44e00db040a367408d53cef7e, type: 2}
      propertyPath: m_LocalPosition.y
      value: 2.86
      objectReference: {fileID: 0}
    - target: {fileID: 4867836709701792, guid: 03d2b2d44e00db040a367408d53cef7e, type: 2}
      propertyPath: m_LocalPosition.z
      value: 0
      objectReference: {fileID: 0}
    - target: {fileID: 4867836709701792, guid: 03d2b2d44e00db040a367408d53cef7e, type: 2}
      propertyPath: m_LocalRotation.x
      value: -0
      objectReference: {fileID: 0}
    - target: {fileID: 4867836709701792, guid: 03d2b2d44e00db040a367408d53cef7e, type: 2}
      propertyPath: m_LocalRotation.y
      value: -0
      objectReference: {fileID: 0}
    - target: {fileID: 4867836709701792, guid: 03d2b2d44e00db040a367408d53cef7e, type: 2}
      propertyPath: m_LocalRotation.z
      value: -0.09061486
      objectReference: {fileID: 0}
    - target: {fileID: 4867836709701792, guid: 03d2b2d44e00db040a367408d53cef7e, type: 2}
      propertyPath: m_LocalRotation.w
      value: 0.995886
      objectReference: {fileID: 0}
    - target: {fileID: 4867836709701792, guid: 03d2b2d44e00db040a367408d53cef7e, type: 2}
      propertyPath: m_RootOrder
      value: 0
      objectReference: {fileID: 0}
    - target: {fileID: 4867836709701792, guid: 03d2b2d44e00db040a367408d53cef7e, type: 2}
      propertyPath: m_LocalScale.x
      value: 0.2
      objectReference: {fileID: 0}
    - target: {fileID: 4867836709701792, guid: 03d2b2d44e00db040a367408d53cef7e, type: 2}
      propertyPath: m_LocalScale.y
      value: 0.2
      objectReference: {fileID: 0}
    - target: {fileID: 4867836709701792, guid: 03d2b2d44e00db040a367408d53cef7e, type: 2}
      propertyPath: m_LocalScale.z
      value: 0.026935732
      objectReference: {fileID: 0}
    - target: {fileID: 4867836709701792, guid: 03d2b2d44e00db040a367408d53cef7e, type: 2}
      propertyPath: m_LocalEulerAnglesHint.z
      value: -10.398001
      objectReference: {fileID: 0}
    m_RemovedComponents: []
  m_ParentPrefab: {fileID: 100100000, guid: 03d2b2d44e00db040a367408d53cef7e, type: 2}
  m_IsPrefabParent: 0
--- !u!1 &1329216246 stripped
GameObject:
  m_PrefabParentObject: {fileID: 1957250264849442, guid: c686d7c080e97714bbfea375c08913a1,
    type: 2}
  m_PrefabInternal: {fileID: 1384516734}
--- !u!1 &1337743168
GameObject:
  m_ObjectHideFlags: 0
  m_PrefabParentObject: {fileID: 1928641757528180, guid: 448e285041b53244fba55fa93a600269,
    type: 2}
  m_PrefabInternal: {fileID: 0}
  serializedVersion: 5
  m_Component:
  - component: {fileID: 1337743169}
  - component: {fileID: 1337743173}
  - component: {fileID: 1337743172}
  - component: {fileID: 1337743171}
  - component: {fileID: 1337743170}
  m_Layer: 0
  m_Name: Planet (1)
  m_TagString: planet
  m_Icon: {fileID: 0}
  m_NavMeshLayer: 0
  m_StaticEditorFlags: 0
  m_IsActive: 1
--- !u!4 &1337743169
Transform:
  m_ObjectHideFlags: 0
  m_PrefabParentObject: {fileID: 4417474711861706, guid: 448e285041b53244fba55fa93a600269,
    type: 2}
  m_PrefabInternal: {fileID: 0}
  m_GameObject: {fileID: 1337743168}
  m_LocalRotation: {x: -0, y: -0, z: -0, w: 1}
  m_LocalPosition: {x: 0.29, y: 8.67, z: -0.5}
  m_LocalScale: {x: 1, y: 1, z: 6.09306}
  m_Children:
  - {fileID: 1066055734}
  - {fileID: 759200504}
  - {fileID: 1473654870}
  - {fileID: 1617689395}
  - {fileID: 1972357271}
  - {fileID: 307786557}
  - {fileID: 426422581}
  - {fileID: 1837847997}
  m_Father: {fileID: 336377818}
  m_RootOrder: 3
  m_LocalEulerAnglesHint: {x: 0, y: 0, z: 0}
--- !u!114 &1337743170
MonoBehaviour:
  m_ObjectHideFlags: 0
  m_PrefabParentObject: {fileID: 114969807531499336, guid: 448e285041b53244fba55fa93a600269,
    type: 2}
  m_PrefabInternal: {fileID: 0}
  m_GameObject: {fileID: 1337743168}
  m_Enabled: 1
  m_EditorHideFlags: 0
  m_Script: {fileID: 11500000, guid: fc081222843dfbc46ab3f8edd22ae488, type: 3}
  m_Name: 
  m_EditorClassIdentifier: 
  gravity_acceleration: 30
--- !u!114 &1337743171
MonoBehaviour:
  m_ObjectHideFlags: 0
  m_PrefabParentObject: {fileID: 114927523861956234, guid: 448e285041b53244fba55fa93a600269,
    type: 2}
  m_PrefabInternal: {fileID: 0}
  m_GameObject: {fileID: 1337743168}
  m_Enabled: 1
  m_EditorHideFlags: 0
  m_Script: {fileID: 0}
  m_Name: 
  m_EditorClassIdentifier: 
--- !u!212 &1337743172
SpriteRenderer:
  m_ObjectHideFlags: 0
  m_PrefabParentObject: {fileID: 212022949929097758, guid: 448e285041b53244fba55fa93a600269,
    type: 2}
  m_PrefabInternal: {fileID: 0}
  m_GameObject: {fileID: 1337743168}
  m_Enabled: 1
  m_CastShadows: 0
  m_ReceiveShadows: 0
  m_DynamicOccludee: 1
  m_MotionVectors: 1
  m_LightProbeUsage: 1
  m_ReflectionProbeUsage: 1
  m_Materials:
  - {fileID: 10754, guid: 0000000000000000f000000000000000, type: 0}
  m_StaticBatchInfo:
    firstSubMesh: 0
    subMeshCount: 0
  m_StaticBatchRoot: {fileID: 0}
  m_ProbeAnchor: {fileID: 0}
  m_LightProbeVolumeOverride: {fileID: 0}
  m_ScaleInLightmap: 1
  m_PreserveUVs: 0
  m_IgnoreNormalsForChartDetection: 0
  m_ImportantGI: 0
  m_StitchLightmapSeams: 0
  m_SelectedEditorRenderState: 0
  m_MinimumChartSize: 4
  m_AutoUVMaxDistance: 0.5
  m_AutoUVMaxAngle: 89
  m_LightmapParameters: {fileID: 0}
  m_SortingLayerID: 0
  m_SortingLayer: 0
  m_SortingOrder: 0
  m_Sprite: {fileID: 21300008, guid: 1ea05ceaa885d0c4bb62b2651aeaeef9, type: 3}
  m_Color: {r: 1, g: 1, b: 1, a: 1}
  m_FlipX: 0
  m_FlipY: 0
  m_DrawMode: 0
  m_Size: {x: 5.12, y: 5.12}
  m_AdaptiveModeThreshold: 0.5
  m_SpriteTileMode: 0
  m_WasSpriteAssigned: 1
  m_MaskInteraction: 0
--- !u!58 &1337743173
CircleCollider2D:
  m_ObjectHideFlags: 0
  m_PrefabParentObject: {fileID: 58087539310761866, guid: 448e285041b53244fba55fa93a600269,
    type: 2}
  m_PrefabInternal: {fileID: 0}
  m_GameObject: {fileID: 1337743168}
  m_Enabled: 1
  m_Density: 1
  m_Material: {fileID: 6200000, guid: 9e689614f67d99b43bbc4b122cac7131, type: 2}
  m_IsTrigger: 0
  m_UsedByEffector: 0
  m_UsedByComposite: 0
  m_Offset: {x: -0.0013530732, y: -0.04447174}
  serializedVersion: 2
  m_Radius: 2.4455903
--- !u!1001 &1384516734
Prefab:
  m_ObjectHideFlags: 0
  serializedVersion: 2
  m_Modification:
    m_TransformParent: {fileID: 0}
    m_Modifications:
    - target: {fileID: 224217593579209930, guid: c686d7c080e97714bbfea375c08913a1,
        type: 2}
      propertyPath: m_LocalPosition.x
      value: 0
      objectReference: {fileID: 0}
    - target: {fileID: 224217593579209930, guid: c686d7c080e97714bbfea375c08913a1,
        type: 2}
      propertyPath: m_LocalPosition.y
      value: 0
      objectReference: {fileID: 0}
    - target: {fileID: 224217593579209930, guid: c686d7c080e97714bbfea375c08913a1,
        type: 2}
      propertyPath: m_LocalPosition.z
      value: 0
      objectReference: {fileID: 0}
    - target: {fileID: 224217593579209930, guid: c686d7c080e97714bbfea375c08913a1,
        type: 2}
      propertyPath: m_LocalRotation.x
      value: 0
      objectReference: {fileID: 0}
    - target: {fileID: 224217593579209930, guid: c686d7c080e97714bbfea375c08913a1,
        type: 2}
      propertyPath: m_LocalRotation.y
      value: 0
      objectReference: {fileID: 0}
    - target: {fileID: 224217593579209930, guid: c686d7c080e97714bbfea375c08913a1,
        type: 2}
      propertyPath: m_LocalRotation.z
      value: 0
      objectReference: {fileID: 0}
    - target: {fileID: 224217593579209930, guid: c686d7c080e97714bbfea375c08913a1,
        type: 2}
      propertyPath: m_LocalRotation.w
      value: 1
      objectReference: {fileID: 0}
    - target: {fileID: 224217593579209930, guid: c686d7c080e97714bbfea375c08913a1,
        type: 2}
      propertyPath: m_RootOrder
      value: 5
      objectReference: {fileID: 0}
    - target: {fileID: 224217593579209930, guid: c686d7c080e97714bbfea375c08913a1,
        type: 2}
      propertyPath: m_AnchoredPosition.x
      value: 0
      objectReference: {fileID: 0}
    - target: {fileID: 224217593579209930, guid: c686d7c080e97714bbfea375c08913a1,
        type: 2}
      propertyPath: m_AnchoredPosition.y
      value: 0
      objectReference: {fileID: 0}
    - target: {fileID: 224217593579209930, guid: c686d7c080e97714bbfea375c08913a1,
        type: 2}
      propertyPath: m_SizeDelta.x
      value: 0
      objectReference: {fileID: 0}
    - target: {fileID: 224217593579209930, guid: c686d7c080e97714bbfea375c08913a1,
        type: 2}
      propertyPath: m_SizeDelta.y
      value: 0
      objectReference: {fileID: 0}
    - target: {fileID: 224217593579209930, guid: c686d7c080e97714bbfea375c08913a1,
        type: 2}
      propertyPath: m_AnchorMin.x
      value: 0
      objectReference: {fileID: 0}
    - target: {fileID: 224217593579209930, guid: c686d7c080e97714bbfea375c08913a1,
        type: 2}
      propertyPath: m_AnchorMin.y
      value: 0
      objectReference: {fileID: 0}
    - target: {fileID: 224217593579209930, guid: c686d7c080e97714bbfea375c08913a1,
        type: 2}
      propertyPath: m_AnchorMax.x
      value: 0
      objectReference: {fileID: 0}
    - target: {fileID: 224217593579209930, guid: c686d7c080e97714bbfea375c08913a1,
        type: 2}
      propertyPath: m_AnchorMax.y
      value: 0
      objectReference: {fileID: 0}
    - target: {fileID: 224217593579209930, guid: c686d7c080e97714bbfea375c08913a1,
        type: 2}
      propertyPath: m_Pivot.x
      value: 0
      objectReference: {fileID: 0}
    - target: {fileID: 224217593579209930, guid: c686d7c080e97714bbfea375c08913a1,
        type: 2}
      propertyPath: m_Pivot.y
      value: 0
      objectReference: {fileID: 0}
    - target: {fileID: 223385646927328002, guid: c686d7c080e97714bbfea375c08913a1,
        type: 2}
      propertyPath: m_Camera
      value: 
      objectReference: {fileID: 484097353}
    - target: {fileID: 114746039477458330, guid: c686d7c080e97714bbfea375c08913a1,
        type: 2}
      propertyPath: m_Enabled
      value: 1
      objectReference: {fileID: 0}
    - target: {fileID: 1189192199795344, guid: c686d7c080e97714bbfea375c08913a1, type: 2}
      propertyPath: m_IsActive
      value: 0
      objectReference: {fileID: 0}
    m_RemovedComponents: []
  m_ParentPrefab: {fileID: 100100000, guid: c686d7c080e97714bbfea375c08913a1, type: 2}
  m_IsPrefabParent: 0
--- !u!114 &1384516735 stripped
MonoBehaviour:
  m_PrefabParentObject: {fileID: 114148904210623884, guid: c686d7c080e97714bbfea375c08913a1,
    type: 2}
  m_PrefabInternal: {fileID: 1384516734}
  m_Script: {fileID: 11500000, guid: 28655835290ffad4fae5ed0d67258102, type: 3}
--- !u!1 &1384516736 stripped
GameObject:
  m_PrefabParentObject: {fileID: 1421661546742678, guid: c686d7c080e97714bbfea375c08913a1,
    type: 2}
  m_PrefabInternal: {fileID: 1384516734}
--- !u!1001 &1385910903
Prefab:
  m_ObjectHideFlags: 0
  serializedVersion: 2
  m_Modification:
    m_TransformParent: {fileID: 336377818}
    m_Modifications:
    - target: {fileID: 4417474711861706, guid: 448e285041b53244fba55fa93a600269, type: 2}
      propertyPath: m_LocalPosition.x
      value: -8.51
      objectReference: {fileID: 0}
    - target: {fileID: 4417474711861706, guid: 448e285041b53244fba55fa93a600269, type: 2}
      propertyPath: m_LocalPosition.y
      value: 3.13
      objectReference: {fileID: 0}
    - target: {fileID: 4417474711861706, guid: 448e285041b53244fba55fa93a600269, type: 2}
      propertyPath: m_LocalPosition.z
      value: -0.5
      objectReference: {fileID: 0}
    - target: {fileID: 4417474711861706, guid: 448e285041b53244fba55fa93a600269, type: 2}
      propertyPath: m_LocalRotation.x
      value: -0
      objectReference: {fileID: 0}
    - target: {fileID: 4417474711861706, guid: 448e285041b53244fba55fa93a600269, type: 2}
      propertyPath: m_LocalRotation.y
      value: -0
      objectReference: {fileID: 0}
    - target: {fileID: 4417474711861706, guid: 448e285041b53244fba55fa93a600269, type: 2}
      propertyPath: m_LocalRotation.z
      value: -0
      objectReference: {fileID: 0}
    - target: {fileID: 4417474711861706, guid: 448e285041b53244fba55fa93a600269, type: 2}
      propertyPath: m_LocalRotation.w
      value: 1
      objectReference: {fileID: 0}
    - target: {fileID: 4417474711861706, guid: 448e285041b53244fba55fa93a600269, type: 2}
      propertyPath: m_RootOrder
      value: 1
      objectReference: {fileID: 0}
    - target: {fileID: 212022949929097758, guid: 448e285041b53244fba55fa93a600269,
        type: 2}
      propertyPath: m_SortingOrder
      value: 0
      objectReference: {fileID: 0}
    - target: {fileID: 58087539310761866, guid: 448e285041b53244fba55fa93a600269,
        type: 2}
      propertyPath: m_Offset.x
      value: -0.0013530732
      objectReference: {fileID: 0}
    - target: {fileID: 58087539310761866, guid: 448e285041b53244fba55fa93a600269,
        type: 2}
      propertyPath: m_Radius
      value: 2.4455903
      objectReference: {fileID: 0}
    - target: {fileID: 58087539310761866, guid: 448e285041b53244fba55fa93a600269,
        type: 2}
      propertyPath: m_Offset.y
      value: -0.04447174
      objectReference: {fileID: 0}
    - target: {fileID: 114969807531499336, guid: 448e285041b53244fba55fa93a600269,
        type: 2}
      propertyPath: gravity_acceleration
      value: 25
      objectReference: {fileID: 0}
    - target: {fileID: 1366941044706008, guid: 448e285041b53244fba55fa93a600269, type: 2}
      propertyPath: m_IsActive
      value: 0
      objectReference: {fileID: 0}
    - target: {fileID: 1121341155507062, guid: 448e285041b53244fba55fa93a600269, type: 2}
      propertyPath: m_IsActive
      value: 1
      objectReference: {fileID: 0}
    - target: {fileID: 4095708436314900, guid: 448e285041b53244fba55fa93a600269, type: 2}
      propertyPath: m_LocalScale.x
      value: 7
      objectReference: {fileID: 0}
    - target: {fileID: 4095708436314900, guid: 448e285041b53244fba55fa93a600269, type: 2}
      propertyPath: m_LocalScale.y
      value: 7
      objectReference: {fileID: 0}
    m_RemovedComponents:
    - {fileID: 58301999712719828, guid: 448e285041b53244fba55fa93a600269, type: 2}
  m_ParentPrefab: {fileID: 100100000, guid: 448e285041b53244fba55fa93a600269, type: 2}
  m_IsPrefabParent: 0
--- !u!4 &1385910904 stripped
Transform:
  m_PrefabParentObject: {fileID: 4417474711861706, guid: 448e285041b53244fba55fa93a600269,
    type: 2}
  m_PrefabInternal: {fileID: 1385910903}
--- !u!1001 &1473654869
Prefab:
  m_ObjectHideFlags: 0
  serializedVersion: 2
  m_Modification:
    m_TransformParent: {fileID: 1337743169}
    m_Modifications:
    - target: {fileID: 4920690045147746, guid: c0697890a46623543912f82bba3940cc, type: 2}
      propertyPath: m_LocalPosition.x
      value: -0.023446083
      objectReference: {fileID: 0}
    - target: {fileID: 4920690045147746, guid: c0697890a46623543912f82bba3940cc, type: 2}
      propertyPath: m_LocalPosition.y
      value: 2.3312218
      objectReference: {fileID: 0}
    - target: {fileID: 4920690045147746, guid: c0697890a46623543912f82bba3940cc, type: 2}
      propertyPath: m_LocalPosition.z
      value: 0
      objectReference: {fileID: 0}
    - target: {fileID: 4920690045147746, guid: c0697890a46623543912f82bba3940cc, type: 2}
      propertyPath: m_LocalRotation.x
      value: -0
      objectReference: {fileID: 0}
    - target: {fileID: 4920690045147746, guid: c0697890a46623543912f82bba3940cc, type: 2}
      propertyPath: m_LocalRotation.y
      value: -0
      objectReference: {fileID: 0}
    - target: {fileID: 4920690045147746, guid: c0697890a46623543912f82bba3940cc, type: 2}
      propertyPath: m_LocalRotation.z
      value: -0
      objectReference: {fileID: 0}
    - target: {fileID: 4920690045147746, guid: c0697890a46623543912f82bba3940cc, type: 2}
      propertyPath: m_LocalRotation.w
      value: 1
      objectReference: {fileID: 0}
    - target: {fileID: 4920690045147746, guid: c0697890a46623543912f82bba3940cc, type: 2}
      propertyPath: m_RootOrder
      value: 2
      objectReference: {fileID: 0}
    - target: {fileID: 4920690045147746, guid: c0697890a46623543912f82bba3940cc, type: 2}
      propertyPath: m_LocalEulerAnglesHint.z
      value: 0
      objectReference: {fileID: 0}
    - target: {fileID: 114044803508705112, guid: c0697890a46623543912f82bba3940cc,
        type: 2}
      propertyPath: thingToTrigger
      value: 
      objectReference: {fileID: 1664688955}
    - target: {fileID: 114044803508705112, guid: c0697890a46623543912f82bba3940cc,
        type: 2}
      propertyPath: cooldownTime
      value: 1
      objectReference: {fileID: 0}
    - target: {fileID: 114044803508705112, guid: c0697890a46623543912f82bba3940cc,
        type: 2}
      propertyPath: disableOnWalkOff
      value: 0
      objectReference: {fileID: 0}
    - target: {fileID: 4920690045147746, guid: c0697890a46623543912f82bba3940cc, type: 2}
      propertyPath: m_LocalScale.x
      value: 0.8
      objectReference: {fileID: 0}
    - target: {fileID: 4920690045147746, guid: c0697890a46623543912f82bba3940cc, type: 2}
      propertyPath: m_LocalScale.y
      value: 0.8
      objectReference: {fileID: 0}
    - target: {fileID: 4920690045147746, guid: c0697890a46623543912f82bba3940cc, type: 2}
      propertyPath: m_LocalScale.z
      value: 0.16412109
      objectReference: {fileID: 0}
    m_RemovedComponents: []
  m_ParentPrefab: {fileID: 100100000, guid: c0697890a46623543912f82bba3940cc, type: 2}
  m_IsPrefabParent: 0
--- !u!4 &1473654870 stripped
Transform:
  m_PrefabParentObject: {fileID: 4920690045147746, guid: c0697890a46623543912f82bba3940cc,
    type: 2}
  m_PrefabInternal: {fileID: 1473654869}
--- !u!1001 &1475686213
Prefab:
  m_ObjectHideFlags: 0
  serializedVersion: 2
  m_Modification:
    m_TransformParent: {fileID: 0}
    m_Modifications:
    - target: {fileID: 4527851024642572, guid: a2ab2879feee18a45a93b0dcaebb2528, type: 2}
      propertyPath: m_LocalPosition.x
      value: 0
      objectReference: {fileID: 0}
    - target: {fileID: 4527851024642572, guid: a2ab2879feee18a45a93b0dcaebb2528, type: 2}
      propertyPath: m_LocalPosition.y
      value: 0
      objectReference: {fileID: 0}
    - target: {fileID: 4527851024642572, guid: a2ab2879feee18a45a93b0dcaebb2528, type: 2}
      propertyPath: m_LocalPosition.z
      value: -10
      objectReference: {fileID: 0}
    - target: {fileID: 4527851024642572, guid: a2ab2879feee18a45a93b0dcaebb2528, type: 2}
      propertyPath: m_LocalRotation.x
      value: -0
      objectReference: {fileID: 0}
    - target: {fileID: 4527851024642572, guid: a2ab2879feee18a45a93b0dcaebb2528, type: 2}
      propertyPath: m_LocalRotation.y
      value: -0
      objectReference: {fileID: 0}
    - target: {fileID: 4527851024642572, guid: a2ab2879feee18a45a93b0dcaebb2528, type: 2}
      propertyPath: m_LocalRotation.z
      value: -0
      objectReference: {fileID: 0}
    - target: {fileID: 4527851024642572, guid: a2ab2879feee18a45a93b0dcaebb2528, type: 2}
      propertyPath: m_LocalRotation.w
      value: 1
      objectReference: {fileID: 0}
    - target: {fileID: 4527851024642572, guid: a2ab2879feee18a45a93b0dcaebb2528, type: 2}
      propertyPath: m_RootOrder
      value: 0
      objectReference: {fileID: 0}
    m_RemovedComponents: []
  m_ParentPrefab: {fileID: 100100000, guid: a2ab2879feee18a45a93b0dcaebb2528, type: 2}
  m_IsPrefabParent: 0
--- !u!114 &1475686214 stripped
MonoBehaviour:
  m_PrefabParentObject: {fileID: 114045129333011976, guid: a2ab2879feee18a45a93b0dcaebb2528,
    type: 2}
  m_PrefabInternal: {fileID: 1475686213}
  m_Script: {fileID: 11500000, guid: 0abc279e2c453214eb7b85e79fb3b2da, type: 3}
--- !u!114 &1526892498 stripped
MonoBehaviour:
  m_PrefabParentObject: {fileID: 114586042328513342, guid: c686d7c080e97714bbfea375c08913a1,
    type: 2}
  m_PrefabInternal: {fileID: 1384516734}
  m_Script: {fileID: 708705254, guid: f70555f144d8491a825f0804e09c671c, type: 3}
--- !u!4 &1577465301 stripped
Transform:
  m_PrefabParentObject: {fileID: 4867836709701792, guid: 03d2b2d44e00db040a367408d53cef7e,
    type: 2}
  m_PrefabInternal: {fileID: 1173262569}
--- !u!1001 &1580209894
Prefab:
  m_ObjectHideFlags: 0
  serializedVersion: 2
  m_Modification:
    m_TransformParent: {fileID: 0}
    m_Modifications:
    - target: {fileID: 4076789155396856, guid: 98fe6725595a2154792dd815f654243c, type: 2}
      propertyPath: m_LocalPosition.x
      value: 0
      objectReference: {fileID: 0}
    - target: {fileID: 4076789155396856, guid: 98fe6725595a2154792dd815f654243c, type: 2}
      propertyPath: m_LocalPosition.y
      value: 0
      objectReference: {fileID: 0}
    - target: {fileID: 4076789155396856, guid: 98fe6725595a2154792dd815f654243c, type: 2}
      propertyPath: m_LocalPosition.z
      value: 0
      objectReference: {fileID: 0}
    - target: {fileID: 4076789155396856, guid: 98fe6725595a2154792dd815f654243c, type: 2}
      propertyPath: m_LocalRotation.x
      value: 0
      objectReference: {fileID: 0}
    - target: {fileID: 4076789155396856, guid: 98fe6725595a2154792dd815f654243c, type: 2}
      propertyPath: m_LocalRotation.y
      value: 0
      objectReference: {fileID: 0}
    - target: {fileID: 4076789155396856, guid: 98fe6725595a2154792dd815f654243c, type: 2}
      propertyPath: m_LocalRotation.z
      value: 0
      objectReference: {fileID: 0}
    - target: {fileID: 4076789155396856, guid: 98fe6725595a2154792dd815f654243c, type: 2}
      propertyPath: m_LocalRotation.w
      value: 1
      objectReference: {fileID: 0}
    - target: {fileID: 4076789155396856, guid: 98fe6725595a2154792dd815f654243c, type: 2}
      propertyPath: m_RootOrder
      value: 1
      objectReference: {fileID: 0}
    - target: {fileID: 114600751465869700, guid: 98fe6725595a2154792dd815f654243c,
        type: 2}
      propertyPath: fieldWidth
      value: 50
      objectReference: {fileID: 0}
    - target: {fileID: 114600751465869700, guid: 98fe6725595a2154792dd815f654243c,
        type: 2}
      propertyPath: fieldHeight
      value: 50
      objectReference: {fileID: 0}
    - target: {fileID: 114600751465869700, guid: 98fe6725595a2154792dd815f654243c,
        type: 2}
      propertyPath: starCount
      value: 200
      objectReference: {fileID: 0}
    - target: {fileID: 114600751465869700, guid: 98fe6725595a2154792dd815f654243c,
        type: 2}
      propertyPath: z_offset
      value: 0
      objectReference: {fileID: 0}
    m_RemovedComponents: []
  m_ParentPrefab: {fileID: 100100000, guid: 98fe6725595a2154792dd815f654243c, type: 2}
  m_IsPrefabParent: 0
--- !u!1001 &1617689394
Prefab:
  m_ObjectHideFlags: 0
  serializedVersion: 2
  m_Modification:
    m_TransformParent: {fileID: 1337743169}
    m_Modifications:
    - target: {fileID: 4867836709701792, guid: 03d2b2d44e00db040a367408d53cef7e, type: 2}
      propertyPath: m_LocalPosition.x
      value: 2.94
      objectReference: {fileID: 0}
    - target: {fileID: 4867836709701792, guid: 03d2b2d44e00db040a367408d53cef7e, type: 2}
      propertyPath: m_LocalPosition.y
      value: 0.58
      objectReference: {fileID: 0}
    - target: {fileID: 4867836709701792, guid: 03d2b2d44e00db040a367408d53cef7e, type: 2}
      propertyPath: m_LocalPosition.z
      value: 0
      objectReference: {fileID: 0}
    - target: {fileID: 4867836709701792, guid: 03d2b2d44e00db040a367408d53cef7e, type: 2}
      propertyPath: m_LocalRotation.x
      value: -0
      objectReference: {fileID: 0}
    - target: {fileID: 4867836709701792, guid: 03d2b2d44e00db040a367408d53cef7e, type: 2}
      propertyPath: m_LocalRotation.y
      value: -0
      objectReference: {fileID: 0}
    - target: {fileID: 4867836709701792, guid: 03d2b2d44e00db040a367408d53cef7e, type: 2}
      propertyPath: m_LocalRotation.z
      value: -0.6281324
      objectReference: {fileID: 0}
    - target: {fileID: 4867836709701792, guid: 03d2b2d44e00db040a367408d53cef7e, type: 2}
      propertyPath: m_LocalRotation.w
      value: 0.7781065
      objectReference: {fileID: 0}
    - target: {fileID: 4867836709701792, guid: 03d2b2d44e00db040a367408d53cef7e, type: 2}
      propertyPath: m_RootOrder
      value: 3
      objectReference: {fileID: 0}
    - target: {fileID: 4867836709701792, guid: 03d2b2d44e00db040a367408d53cef7e, type: 2}
      propertyPath: m_LocalScale.x
      value: 0.25
      objectReference: {fileID: 0}
    - target: {fileID: 4867836709701792, guid: 03d2b2d44e00db040a367408d53cef7e, type: 2}
      propertyPath: m_LocalScale.y
      value: 0.25
      objectReference: {fileID: 0}
    - target: {fileID: 4867836709701792, guid: 03d2b2d44e00db040a367408d53cef7e, type: 2}
      propertyPath: m_LocalScale.z
      value: 0.02693556
      objectReference: {fileID: 0}
    - target: {fileID: 4867836709701792, guid: 03d2b2d44e00db040a367408d53cef7e, type: 2}
      propertyPath: m_LocalEulerAnglesHint.z
      value: -77.825005
      objectReference: {fileID: 0}
    - target: {fileID: 1613353382135192, guid: 03d2b2d44e00db040a367408d53cef7e, type: 2}
      propertyPath: m_Name
      value: Spikes (6)
      objectReference: {fileID: 0}
    m_RemovedComponents: []
  m_ParentPrefab: {fileID: 100100000, guid: 03d2b2d44e00db040a367408d53cef7e, type: 2}
  m_IsPrefabParent: 0
--- !u!4 &1617689395 stripped
Transform:
  m_PrefabParentObject: {fileID: 4867836709701792, guid: 03d2b2d44e00db040a367408d53cef7e,
    type: 2}
  m_PrefabInternal: {fileID: 1617689394}
--- !u!1 &1664688955
GameObject:
  m_ObjectHideFlags: 0
  m_PrefabParentObject: {fileID: 1930996980281080, guid: a4a472c66618adc468e64970d425ab72,
    type: 2}
  m_PrefabInternal: {fileID: 0}
  serializedVersion: 5
  m_Component:
  - component: {fileID: 76383019}
  - component: {fileID: 1664688963}
  - component: {fileID: 1664688962}
  - component: {fileID: 1664688961}
  - component: {fileID: 1664688960}
  - component: {fileID: 1664688959}
  - component: {fileID: 1664688958}
  - component: {fileID: 1664688957}
  - component: {fileID: 1664688956}
  m_Layer: 0
  m_Name: Blackhole
  m_TagString: planet
  m_Icon: {fileID: 0}
  m_NavMeshLayer: 0
  m_StaticEditorFlags: 0
  m_IsActive: 1
--- !u!114 &1664688956
MonoBehaviour:
  m_ObjectHideFlags: 0
  m_PrefabParentObject: {fileID: 114390731341094628, guid: a4a472c66618adc468e64970d425ab72,
    type: 2}
  m_PrefabInternal: {fileID: 0}
  m_GameObject: {fileID: 1664688955}
  m_Enabled: 1
  m_EditorHideFlags: 0
  m_Script: {fileID: 11500000, guid: fc081222843dfbc46ab3f8edd22ae488, type: 3}
  m_Name: 
  m_EditorClassIdentifier: 
  gravity_acceleration: 400
--- !u!114 &1664688957
MonoBehaviour:
  m_ObjectHideFlags: 0
  m_PrefabParentObject: {fileID: 114403155966514098, guid: a4a472c66618adc468e64970d425ab72,
    type: 2}
  m_PrefabInternal: {fileID: 0}
  m_GameObject: {fileID: 1664688955}
  m_Enabled: 1
  m_EditorHideFlags: 0
  m_Script: {fileID: 11500000, guid: 6b2266f189e852c4d91308cc614d6f2f, type: 3}
  m_Name: 
  m_EditorClassIdentifier: 
  manager: {fileID: 336377819}
  activated: 0
  winText: {fileID: 1526892498}
  winObject: {fileID: 1329216246}
--- !u!68 &1664688958
EdgeCollider2D:
  m_ObjectHideFlags: 0
  m_PrefabParentObject: {fileID: 68800153765543228, guid: a4a472c66618adc468e64970d425ab72,
    type: 2}
  m_PrefabInternal: {fileID: 0}
  m_GameObject: {fileID: 1664688955}
  m_Enabled: 0
  m_Density: 1
  m_Material: {fileID: 0}
  m_IsTrigger: 0
  m_UsedByEffector: 0
  m_UsedByComposite: 0
  m_Offset: {x: 0, y: 0}
  m_EdgeRadius: 0
  m_Points:
  - {x: -0.5, y: 0}
  - {x: -0.4959421, y: 0.09898119}
  - {x: -0.4688123, y: 0.17569244}
  - {x: -0.42271098, y: 0.26560247}
  - {x: -0.3679859, y: 0.34075466}
  - {x: -0.29173735, y: 0.40757653}
  - {x: -0.20503616, y: 0.4602451}
  - {x: -0.092017405, y: 0.4955311}
  - {x: 0.0007488216, y: 0.50313365}
  - {x: 0.087081626, y: 0.4921431}
  - {x: 0.18363209, y: 0.46226904}
  - {x: 0.2617301, y: 0.41828522}
  - {x: 0.3248883, y: 0.36472896}
  - {x: 0.40413475, y: 0.2863343}
  - {x: 0.4536753, y: 0.19721758}
  - {x: 0.49155298, y: 0.103234604}
  - {x: 0.5, y: 0}
--- !u!68 &1664688959
EdgeCollider2D:
  m_ObjectHideFlags: 0
  m_PrefabParentObject: {fileID: 68399712885263788, guid: a4a472c66618adc468e64970d425ab72,
    type: 2}
  m_PrefabInternal: {fileID: 0}
  m_GameObject: {fileID: 1664688955}
  m_Enabled: 0
  m_Density: 1
  m_Material: {fileID: 0}
  m_IsTrigger: 0
  m_UsedByEffector: 0
  m_UsedByComposite: 0
  m_Offset: {x: 0, y: 0}
  m_EdgeRadius: 0
  m_Points:
  - {x: -0.5, y: 0}
  - {x: -0.4949623, y: -0.07675284}
  - {x: -0.47043395, y: -0.14837776}
  - {x: -0.44427988, y: -0.23451005}
  - {x: -0.38663575, y: -0.3199907}
  - {x: -0.30268916, y: -0.38975826}
  - {x: -0.22173274, y: -0.44850367}
  - {x: -0.110826686, y: -0.48381707}
  - {x: -0.004358989, y: -0.48899493}
  - {x: 0.081855804, y: -0.4873151}
  - {x: 0.16788985, y: -0.45636073}
  - {x: 0.21974456, y: -0.43421465}
  - {x: 0.2715993, y: -0.4120686}
  - {x: 0.3491811, y: -0.36185718}
  - {x: 0.40766653, y: -0.284553}
  - {x: 0.44908267, y: -0.20332952}
  - {x: 0.48335496, y: -0.1115634}
  - {x: 0.4926652, y: -0.0048898985}
--- !u!114 &1664688960
MonoBehaviour:
  m_ObjectHideFlags: 0
  m_PrefabParentObject: {fileID: 114734657514223782, guid: a4a472c66618adc468e64970d425ab72,
    type: 2}
  m_PrefabInternal: {fileID: 0}
  m_GameObject: {fileID: 1664688955}
  m_Enabled: 1
  m_EditorHideFlags: 0
  m_Script: {fileID: 0}
  m_Name: 
  m_EditorClassIdentifier: 
--- !u!58 &1664688961
CircleCollider2D:
  m_ObjectHideFlags: 0
  m_PrefabParentObject: {fileID: 58388605292465334, guid: a4a472c66618adc468e64970d425ab72,
    type: 2}
  m_PrefabInternal: {fileID: 0}
  m_GameObject: {fileID: 1664688955}
  m_Enabled: 1
  m_Density: 1
  m_Material: {fileID: 0}
  m_IsTrigger: 0
  m_UsedByEffector: 0
  m_UsedByComposite: 0
  m_Offset: {x: 0.0065243244, y: 0}
  serializedVersion: 2
  m_Radius: 0.14986078
--- !u!23 &1664688962
MeshRenderer:
  m_ObjectHideFlags: 0
  m_PrefabParentObject: {fileID: 23174383235638088, guid: a4a472c66618adc468e64970d425ab72,
    type: 2}
  m_PrefabInternal: {fileID: 0}
  m_GameObject: {fileID: 1664688955}
  m_Enabled: 1
  m_CastShadows: 1
  m_ReceiveShadows: 1
  m_DynamicOccludee: 1
  m_MotionVectors: 1
  m_LightProbeUsage: 1
  m_ReflectionProbeUsage: 1
  m_Materials:
  - {fileID: 2100000, guid: 047af7d3d54d85843a542c6d7ab93e14, type: 2}
  m_StaticBatchInfo:
    firstSubMesh: 0
    subMeshCount: 0
  m_StaticBatchRoot: {fileID: 0}
  m_ProbeAnchor: {fileID: 0}
  m_LightProbeVolumeOverride: {fileID: 0}
  m_ScaleInLightmap: 1
  m_PreserveUVs: 1
  m_IgnoreNormalsForChartDetection: 0
  m_ImportantGI: 0
  m_StitchLightmapSeams: 0
  m_SelectedEditorRenderState: 3
  m_MinimumChartSize: 4
  m_AutoUVMaxDistance: 0.5
  m_AutoUVMaxAngle: 89
  m_LightmapParameters: {fileID: 0}
  m_SortingLayerID: 0
  m_SortingLayer: 0
  m_SortingOrder: 0
--- !u!33 &1664688963
MeshFilter:
  m_ObjectHideFlags: 0
  m_PrefabParentObject: {fileID: 33316196422511426, guid: a4a472c66618adc468e64970d425ab72,
    type: 2}
  m_PrefabInternal: {fileID: 0}
  m_GameObject: {fileID: 1664688955}
  m_Mesh: {fileID: 10207, guid: 0000000000000000e000000000000000, type: 0}
--- !u!4 &1666122393 stripped
Transform:
  m_PrefabParentObject: {fileID: 4867836709701792, guid: 03d2b2d44e00db040a367408d53cef7e,
    type: 2}
  m_PrefabInternal: {fileID: 1963064802}
--- !u!1001 &1837847996
Prefab:
  m_ObjectHideFlags: 0
  serializedVersion: 2
  m_Modification:
    m_TransformParent: {fileID: 1337743169}
    m_Modifications:
    - target: {fileID: 4867836709701792, guid: 03d2b2d44e00db040a367408d53cef7e, type: 2}
      propertyPath: m_LocalPosition.x
      value: 2.8885894
      objectReference: {fileID: 0}
    - target: {fileID: 4867836709701792, guid: 03d2b2d44e00db040a367408d53cef7e, type: 2}
      propertyPath: m_LocalPosition.y
      value: -0.9572754
      objectReference: {fileID: 0}
    - target: {fileID: 4867836709701792, guid: 03d2b2d44e00db040a367408d53cef7e, type: 2}
      propertyPath: m_LocalPosition.z
      value: 0
      objectReference: {fileID: 0}
    - target: {fileID: 4867836709701792, guid: 03d2b2d44e00db040a367408d53cef7e, type: 2}
      propertyPath: m_LocalRotation.x
      value: -0
      objectReference: {fileID: 0}
    - target: {fileID: 4867836709701792, guid: 03d2b2d44e00db040a367408d53cef7e, type: 2}
      propertyPath: m_LocalRotation.y
      value: -0
      objectReference: {fileID: 0}
    - target: {fileID: 4867836709701792, guid: 03d2b2d44e00db040a367408d53cef7e, type: 2}
      propertyPath: m_LocalRotation.z
      value: -0.8051857
      objectReference: {fileID: 0}
    - target: {fileID: 4867836709701792, guid: 03d2b2d44e00db040a367408d53cef7e, type: 2}
      propertyPath: m_LocalRotation.w
      value: 0.5930229
      objectReference: {fileID: 0}
    - target: {fileID: 4867836709701792, guid: 03d2b2d44e00db040a367408d53cef7e, type: 2}
      propertyPath: m_RootOrder
      value: 7
      objectReference: {fileID: 0}
    - target: {fileID: 4867836709701792, guid: 03d2b2d44e00db040a367408d53cef7e, type: 2}
      propertyPath: m_LocalScale.x
      value: 0.2500001
      objectReference: {fileID: 0}
    - target: {fileID: 4867836709701792, guid: 03d2b2d44e00db040a367408d53cef7e, type: 2}
      propertyPath: m_LocalScale.y
      value: 0.2500001
      objectReference: {fileID: 0}
    - target: {fileID: 4867836709701792, guid: 03d2b2d44e00db040a367408d53cef7e, type: 2}
      propertyPath: m_LocalScale.z
      value: 0.02693556
      objectReference: {fileID: 0}
    - target: {fileID: 4867836709701792, guid: 03d2b2d44e00db040a367408d53cef7e, type: 2}
      propertyPath: m_LocalEulerAnglesHint.z
      value: -107.256004
      objectReference: {fileID: 0}
    - target: {fileID: 1613353382135192, guid: 03d2b2d44e00db040a367408d53cef7e, type: 2}
      propertyPath: m_Name
      value: Spikes (10)
      objectReference: {fileID: 0}
    m_RemovedComponents: []
  m_ParentPrefab: {fileID: 100100000, guid: 03d2b2d44e00db040a367408d53cef7e, type: 2}
  m_IsPrefabParent: 0
--- !u!4 &1837847997 stripped
Transform:
  m_PrefabParentObject: {fileID: 4867836709701792, guid: 03d2b2d44e00db040a367408d53cef7e,
    type: 2}
  m_PrefabInternal: {fileID: 1837847996}
--- !u!1 &1839379796
GameObject:
  m_ObjectHideFlags: 0
  m_PrefabParentObject: {fileID: 1603242782751830, guid: a4a472c66618adc468e64970d425ab72,
    type: 2}
  m_PrefabInternal: {fileID: 0}
  serializedVersion: 5
  m_Component:
  - component: {fileID: 1839379797}
  - component: {fileID: 1839379800}
  - component: {fileID: 1839379799}
  - component: {fileID: 1839379798}
  m_Layer: 0
  m_Name: Gravity_Field (1)
  m_TagString: gravity_field
  m_Icon: {fileID: 0}
  m_NavMeshLayer: 0
  m_StaticEditorFlags: 0
  m_IsActive: 1
--- !u!4 &1839379797
Transform:
  m_ObjectHideFlags: 0
  m_PrefabParentObject: {fileID: 4753858519699756, guid: a4a472c66618adc468e64970d425ab72,
    type: 2}
  m_PrefabInternal: {fileID: 0}
  m_GameObject: {fileID: 1839379796}
  m_LocalRotation: {x: -0, y: -0, z: -0, w: 1}
  m_LocalPosition: {x: 0, y: 0, z: 0}
  m_LocalScale: {x: 2, y: 2, z: 0}
  m_Children: []
  m_Father: {fileID: 76383019}
  m_RootOrder: 2
  m_LocalEulerAnglesHint: {x: 0, y: 0, z: 0}
--- !u!114 &1839379798
MonoBehaviour:
  m_ObjectHideFlags: 0
  m_PrefabParentObject: {fileID: 114470785245729042, guid: a4a472c66618adc468e64970d425ab72,
    type: 2}
  m_PrefabInternal: {fileID: 0}
  m_GameObject: {fileID: 1839379796}
  m_Enabled: 1
  m_EditorHideFlags: 0
  m_Script: {fileID: 11500000, guid: da2d0f68964977e49b0a770f14b22ef2, type: 3}
  m_Name: 
  m_EditorClassIdentifier: 
  gf: {fileID: 1664688956}
--- !u!58 &1839379799
CircleCollider2D:
  m_ObjectHideFlags: 0
  m_PrefabParentObject: {fileID: 58730708743705920, guid: a4a472c66618adc468e64970d425ab72,
    type: 2}
  m_PrefabInternal: {fileID: 0}
  m_GameObject: {fileID: 1839379796}
  m_Enabled: 1
  m_Density: 1
  m_Material: {fileID: 0}
  m_IsTrigger: 1
  m_UsedByEffector: 0
  m_UsedByComposite: 0
  m_Offset: {x: 0, y: 0}
  serializedVersion: 2
  m_Radius: 0.5
--- !u!212 &1839379800
SpriteRenderer:
  m_ObjectHideFlags: 0
  m_PrefabParentObject: {fileID: 212364429825085580, guid: a4a472c66618adc468e64970d425ab72,
    type: 2}
  m_PrefabInternal: {fileID: 0}
  m_GameObject: {fileID: 1839379796}
  m_Enabled: 1
  m_CastShadows: 0
  m_ReceiveShadows: 0
  m_DynamicOccludee: 1
  m_MotionVectors: 1
  m_LightProbeUsage: 1
  m_ReflectionProbeUsage: 1
  m_Materials:
  - {fileID: 10754, guid: 0000000000000000f000000000000000, type: 0}
  m_StaticBatchInfo:
    firstSubMesh: 0
    subMeshCount: 0
  m_StaticBatchRoot: {fileID: 0}
  m_ProbeAnchor: {fileID: 0}
  m_LightProbeVolumeOverride: {fileID: 0}
  m_ScaleInLightmap: 1
  m_PreserveUVs: 0
  m_IgnoreNormalsForChartDetection: 0
  m_ImportantGI: 0
  m_StitchLightmapSeams: 0
  m_SelectedEditorRenderState: 0
  m_MinimumChartSize: 4
  m_AutoUVMaxDistance: 0.5
  m_AutoUVMaxAngle: 89
  m_LightmapParameters: {fileID: 0}
  m_SortingLayerID: 0
  m_SortingLayer: 0
  m_SortingOrder: -1
  m_Sprite: {fileID: 21300000, guid: aa761e717078182409872da83f72c490, type: 3}
  m_Color: {r: 0.6985294, g: 0.23626733, b: 0.23626733, a: 0.528}
  m_FlipX: 0
  m_FlipY: 0
  m_DrawMode: 0
  m_Size: {x: 1, y: 1}
  m_AdaptiveModeThreshold: 0.5
  m_SpriteTileMode: 0
  m_WasSpriteAssigned: 1
  m_MaskInteraction: 0
--- !u!4 &1944802839 stripped
Transform:
  m_PrefabParentObject: {fileID: 4867836709701792, guid: 03d2b2d44e00db040a367408d53cef7e,
    type: 2}
  m_PrefabInternal: {fileID: 269156222}
--- !u!1001 &1963064802
Prefab:
  m_ObjectHideFlags: 0
  serializedVersion: 2
  m_Modification:
    m_TransformParent: {fileID: 895890768}
    m_Modifications:
    - target: {fileID: 4867836709701792, guid: 03d2b2d44e00db040a367408d53cef7e, type: 2}
      propertyPath: m_LocalPosition.x
      value: -2.2988281
      objectReference: {fileID: 0}
    - target: {fileID: 4867836709701792, guid: 03d2b2d44e00db040a367408d53cef7e, type: 2}
      propertyPath: m_LocalPosition.y
      value: -1.740754
      objectReference: {fileID: 0}
    - target: {fileID: 4867836709701792, guid: 03d2b2d44e00db040a367408d53cef7e, type: 2}
      propertyPath: m_LocalPosition.z
      value: 0
      objectReference: {fileID: 0}
    - target: {fileID: 4867836709701792, guid: 03d2b2d44e00db040a367408d53cef7e, type: 2}
      propertyPath: m_LocalRotation.x
      value: -0
      objectReference: {fileID: 0}
    - target: {fileID: 4867836709701792, guid: 03d2b2d44e00db040a367408d53cef7e, type: 2}
      propertyPath: m_LocalRotation.y
      value: -0
      objectReference: {fileID: 0}
    - target: {fileID: 4867836709701792, guid: 03d2b2d44e00db040a367408d53cef7e, type: 2}
      propertyPath: m_LocalRotation.z
      value: 0.88043815
      objectReference: {fileID: 0}
    - target: {fileID: 4867836709701792, guid: 03d2b2d44e00db040a367408d53cef7e, type: 2}
      propertyPath: m_LocalRotation.w
      value: 0.47416103
      objectReference: {fileID: 0}
    - target: {fileID: 4867836709701792, guid: 03d2b2d44e00db040a367408d53cef7e, type: 2}
      propertyPath: m_RootOrder
      value: 6
      objectReference: {fileID: 0}
    - target: {fileID: 4867836709701792, guid: 03d2b2d44e00db040a367408d53cef7e, type: 2}
      propertyPath: m_LocalScale.x
      value: 0.20000005
      objectReference: {fileID: 0}
    - target: {fileID: 4867836709701792, guid: 03d2b2d44e00db040a367408d53cef7e, type: 2}
      propertyPath: m_LocalScale.y
      value: 0.20000005
      objectReference: {fileID: 0}
    - target: {fileID: 4867836709701792, guid: 03d2b2d44e00db040a367408d53cef7e, type: 2}
      propertyPath: m_LocalScale.z
      value: 0.026935544
      objectReference: {fileID: 0}
    - target: {fileID: 4867836709701792, guid: 03d2b2d44e00db040a367408d53cef7e, type: 2}
      propertyPath: m_LocalEulerAnglesHint.z
      value: 1.95
      objectReference: {fileID: 0}
    - target: {fileID: 1613353382135192, guid: 03d2b2d44e00db040a367408d53cef7e, type: 2}
      propertyPath: m_Name
      value: Spikes (4)
      objectReference: {fileID: 0}
    m_RemovedComponents: []
  m_ParentPrefab: {fileID: 100100000, guid: 03d2b2d44e00db040a367408d53cef7e, type: 2}
  m_IsPrefabParent: 0
--- !u!1001 &1972357270
Prefab:
  m_ObjectHideFlags: 0
  serializedVersion: 2
  m_Modification:
    m_TransformParent: {fileID: 1337743169}
    m_Modifications:
    - target: {fileID: 4867836709701792, guid: 03d2b2d44e00db040a367408d53cef7e, type: 2}
      propertyPath: m_LocalPosition.x
      value: 2.4635963
      objectReference: {fileID: 0}
    - target: {fileID: 4867836709701792, guid: 03d2b2d44e00db040a367408d53cef7e, type: 2}
      propertyPath: m_LocalPosition.y
      value: 1.8337841
      objectReference: {fileID: 0}
    - target: {fileID: 4867836709701792, guid: 03d2b2d44e00db040a367408d53cef7e, type: 2}
      propertyPath: m_LocalPosition.z
      value: 0
      objectReference: {fileID: 0}
    - target: {fileID: 4867836709701792, guid: 03d2b2d44e00db040a367408d53cef7e, type: 2}
      propertyPath: m_LocalRotation.x
      value: -0
      objectReference: {fileID: 0}
    - target: {fileID: 4867836709701792, guid: 03d2b2d44e00db040a367408d53cef7e, type: 2}
      propertyPath: m_LocalRotation.y
      value: -0
      objectReference: {fileID: 0}
    - target: {fileID: 4867836709701792, guid: 03d2b2d44e00db040a367408d53cef7e, type: 2}
      propertyPath: m_LocalRotation.z
      value: -0.47371343
      objectReference: {fileID: 0}
    - target: {fileID: 4867836709701792, guid: 03d2b2d44e00db040a367408d53cef7e, type: 2}
      propertyPath: m_LocalRotation.w
      value: 0.88067913
      objectReference: {fileID: 0}
    - target: {fileID: 4867836709701792, guid: 03d2b2d44e00db040a367408d53cef7e, type: 2}
      propertyPath: m_RootOrder
      value: 4
      objectReference: {fileID: 0}
    - target: {fileID: 4867836709701792, guid: 03d2b2d44e00db040a367408d53cef7e, type: 2}
      propertyPath: m_LocalScale.x
      value: 0.24999999
      objectReference: {fileID: 0}
    - target: {fileID: 4867836709701792, guid: 03d2b2d44e00db040a367408d53cef7e, type: 2}
      propertyPath: m_LocalScale.y
      value: 0.24999999
      objectReference: {fileID: 0}
    - target: {fileID: 4867836709701792, guid: 03d2b2d44e00db040a367408d53cef7e, type: 2}
      propertyPath: m_LocalScale.z
      value: 0.02693556
      objectReference: {fileID: 0}
    - target: {fileID: 4867836709701792, guid: 03d2b2d44e00db040a367408d53cef7e, type: 2}
      propertyPath: m_LocalEulerAnglesHint.z
      value: -56.551003
      objectReference: {fileID: 0}
    - target: {fileID: 1613353382135192, guid: 03d2b2d44e00db040a367408d53cef7e, type: 2}
      propertyPath: m_Name
      value: Spikes (7)
      objectReference: {fileID: 0}
    m_RemovedComponents: []
  m_ParentPrefab: {fileID: 100100000, guid: 03d2b2d44e00db040a367408d53cef7e, type: 2}
  m_IsPrefabParent: 0
--- !u!4 &1972357271 stripped
Transform:
  m_PrefabParentObject: {fileID: 4867836709701792, guid: 03d2b2d44e00db040a367408d53cef7e,
    type: 2}
  m_PrefabInternal: {fileID: 1972357270}
--- !u!4 &2004124645 stripped
Transform:
  m_PrefabParentObject: {fileID: 4867836709701792, guid: 03d2b2d44e00db040a367408d53cef7e,
    type: 2}
  m_PrefabInternal: {fileID: 1304040253}
--- !u!1001 &2011237833
Prefab:
  m_ObjectHideFlags: 0
  serializedVersion: 2
  m_Modification:
    m_TransformParent: {fileID: 895890768}
    m_Modifications:
    - target: {fileID: 4867836709701792, guid: 03d2b2d44e00db040a367408d53cef7e, type: 2}
      propertyPath: m_LocalPosition.x
      value: -3.0049164
      objectReference: {fileID: 0}
    - target: {fileID: 4867836709701792, guid: 03d2b2d44e00db040a367408d53cef7e, type: 2}
      propertyPath: m_LocalPosition.y
      value: -0.13138866
      objectReference: {fileID: 0}
    - target: {fileID: 4867836709701792, guid: 03d2b2d44e00db040a367408d53cef7e, type: 2}
      propertyPath: m_LocalPosition.z
      value: 0
      objectReference: {fileID: 0}
    - target: {fileID: 4867836709701792, guid: 03d2b2d44e00db040a367408d53cef7e, type: 2}
      propertyPath: m_LocalRotation.x
      value: -0
      objectReference: {fileID: 0}
    - target: {fileID: 4867836709701792, guid: 03d2b2d44e00db040a367408d53cef7e, type: 2}
      propertyPath: m_LocalRotation.y
      value: -0
      objectReference: {fileID: 0}
    - target: {fileID: 4867836709701792, guid: 03d2b2d44e00db040a367408d53cef7e, type: 2}
      propertyPath: m_LocalRotation.z
      value: 0.71820337
      objectReference: {fileID: 0}
    - target: {fileID: 4867836709701792, guid: 03d2b2d44e00db040a367408d53cef7e, type: 2}
      propertyPath: m_LocalRotation.w
      value: 0.69583327
      objectReference: {fileID: 0}
    - target: {fileID: 4867836709701792, guid: 03d2b2d44e00db040a367408d53cef7e, type: 2}
      propertyPath: m_RootOrder
      value: 9
      objectReference: {fileID: 0}
    - target: {fileID: 4867836709701792, guid: 03d2b2d44e00db040a367408d53cef7e, type: 2}
      propertyPath: m_LocalScale.x
      value: 0.20000006
      objectReference: {fileID: 0}
    - target: {fileID: 4867836709701792, guid: 03d2b2d44e00db040a367408d53cef7e, type: 2}
      propertyPath: m_LocalScale.y
      value: 0.20000006
      objectReference: {fileID: 0}
    - target: {fileID: 4867836709701792, guid: 03d2b2d44e00db040a367408d53cef7e, type: 2}
      propertyPath: m_LocalScale.z
      value: 0.026935551
      objectReference: {fileID: 0}
    - target: {fileID: 4867836709701792, guid: 03d2b2d44e00db040a367408d53cef7e, type: 2}
      propertyPath: m_LocalEulerAnglesHint.z
      value: 32.911003
      objectReference: {fileID: 0}
    - target: {fileID: 1613353382135192, guid: 03d2b2d44e00db040a367408d53cef7e, type: 2}
      propertyPath: m_Name
      value: Spikes (5)
      objectReference: {fileID: 0}
    m_RemovedComponents: []
  m_ParentPrefab: {fileID: 100100000, guid: 03d2b2d44e00db040a367408d53cef7e, type: 2}
  m_IsPrefabParent: 0
