%YAML 1.1
%TAG !u! tag:unity3d.com,2011:
--- !u!29 &1
OcclusionCullingSettings:
  m_ObjectHideFlags: 0
  serializedVersion: 2
  m_OcclusionBakeSettings:
    smallestOccluder: 5
    smallestHole: 0.25
    backfaceThreshold: 100
  m_SceneGUID: 00000000000000000000000000000000
  m_OcclusionCullingData: {fileID: 0}
--- !u!104 &2
RenderSettings:
  m_ObjectHideFlags: 0
  serializedVersion: 8
  m_Fog: 0
  m_FogColor: {r: 0.5, g: 0.5, b: 0.5, a: 1}
  m_FogMode: 3
  m_FogDensity: 0.01
  m_LinearFogStart: 0
  m_LinearFogEnd: 300
  m_AmbientSkyColor: {r: 0.212, g: 0.227, b: 0.259, a: 1}
  m_AmbientEquatorColor: {r: 0.114, g: 0.125, b: 0.133, a: 1}
  m_AmbientGroundColor: {r: 0.047, g: 0.043, b: 0.035, a: 1}
  m_AmbientIntensity: 1
  m_AmbientMode: 3
  m_SubtractiveShadowColor: {r: 0.42, g: 0.478, b: 0.627, a: 1}
  m_SkyboxMaterial: {fileID: 0}
  m_HaloStrength: 0.5
  m_FlareStrength: 1
  m_FlareFadeSpeed: 3
  m_HaloTexture: {fileID: 0}
  m_SpotCookie: {fileID: 10001, guid: 0000000000000000e000000000000000, type: 0}
  m_DefaultReflectionMode: 0
  m_DefaultReflectionResolution: 128
  m_ReflectionBounces: 1
  m_ReflectionIntensity: 1
  m_CustomReflection: {fileID: 0}
  m_Sun: {fileID: 0}
  m_IndirectSpecularColor: {r: 0, g: 0, b: 0, a: 1}
--- !u!157 &3
LightmapSettings:
  m_ObjectHideFlags: 0
  serializedVersion: 11
  m_GIWorkflowMode: 1
  m_GISettings:
    serializedVersion: 2
    m_BounceScale: 1
    m_IndirectOutputScale: 1
    m_AlbedoBoost: 1
    m_TemporalCoherenceThreshold: 1
    m_EnvironmentLightingMode: 0
    m_EnableBakedLightmaps: 0
    m_EnableRealtimeLightmaps: 0
  m_LightmapEditorSettings:
    serializedVersion: 9
    m_Resolution: 2
    m_BakeResolution: 40
    m_TextureWidth: 1024
    m_TextureHeight: 1024
    m_AO: 0
    m_AOMaxDistance: 1
    m_CompAOExponent: 1
    m_CompAOExponentDirect: 0
    m_Padding: 2
    m_LightmapParameters: {fileID: 0}
    m_LightmapsBakeMode: 1
    m_TextureCompression: 1
    m_FinalGather: 0
    m_FinalGatherFiltering: 1
    m_FinalGatherRayCount: 256
    m_ReflectionCompression: 2
    m_MixedBakeMode: 2
    m_BakeBackend: 0
    m_PVRSampling: 1
    m_PVRDirectSampleCount: 32
    m_PVRSampleCount: 500
    m_PVRBounces: 2
    m_PVRFilterTypeDirect: 0
    m_PVRFilterTypeIndirect: 0
    m_PVRFilterTypeAO: 0
    m_PVRFilteringMode: 1
    m_PVRCulling: 1
    m_PVRFilteringGaussRadiusDirect: 1
    m_PVRFilteringGaussRadiusIndirect: 5
    m_PVRFilteringGaussRadiusAO: 2
    m_PVRFilteringAtrousPositionSigmaDirect: 0.5
    m_PVRFilteringAtrousPositionSigmaIndirect: 2
    m_PVRFilteringAtrousPositionSigmaAO: 1
    m_ShowResolutionOverlay: 1
  m_LightingDataAsset: {fileID: 0}
  m_UseShadowmask: 1
--- !u!196 &4
NavMeshSettings:
  serializedVersion: 2
  m_ObjectHideFlags: 0
  m_BuildSettings:
    serializedVersion: 2
    agentTypeID: 0
    agentRadius: 0.5
    agentHeight: 2
    agentSlope: 45
    agentClimb: 0.4
    ledgeDropHeight: 0
    maxJumpAcrossDistance: 0
    minRegionArea: 2
    manualCellSize: 0
    cellSize: 0.16666667
    manualTileSize: 0
    tileSize: 256
    accuratePlacement: 0
    debug:
      m_Flags: 0
  m_NavMeshData: {fileID: 0}
--- !u!1001 &6989147
Prefab:
  m_ObjectHideFlags: 0
  serializedVersion: 2
  m_Modification:
    m_TransformParent: {fileID: 1948108243}
    m_Modifications:
    - target: {fileID: 4366712158683462, guid: eec75a5399ccdcb4781e692289d62a09, type: 2}
      propertyPath: m_LocalPosition.x
      value: 0.13
      objectReference: {fileID: 0}
    - target: {fileID: 4366712158683462, guid: eec75a5399ccdcb4781e692289d62a09, type: 2}
      propertyPath: m_LocalPosition.y
      value: -2.8799999
      objectReference: {fileID: 0}
    - target: {fileID: 4366712158683462, guid: eec75a5399ccdcb4781e692289d62a09, type: 2}
      propertyPath: m_LocalPosition.z
      value: 0
      objectReference: {fileID: 0}
    - target: {fileID: 4366712158683462, guid: eec75a5399ccdcb4781e692289d62a09, type: 2}
      propertyPath: m_LocalRotation.x
      value: -0
      objectReference: {fileID: 0}
    - target: {fileID: 4366712158683462, guid: eec75a5399ccdcb4781e692289d62a09, type: 2}
      propertyPath: m_LocalRotation.y
      value: -0
      objectReference: {fileID: 0}
    - target: {fileID: 4366712158683462, guid: eec75a5399ccdcb4781e692289d62a09, type: 2}
      propertyPath: m_LocalRotation.z
      value: -0
      objectReference: {fileID: 0}
    - target: {fileID: 4366712158683462, guid: eec75a5399ccdcb4781e692289d62a09, type: 2}
      propertyPath: m_LocalRotation.w
      value: 1
      objectReference: {fileID: 0}
    - target: {fileID: 4366712158683462, guid: eec75a5399ccdcb4781e692289d62a09, type: 2}
      propertyPath: m_RootOrder
      value: 4
      objectReference: {fileID: 0}
    - target: {fileID: 114254818739373378, guid: eec75a5399ccdcb4781e692289d62a09,
        type: 2}
      propertyPath: gravitational_body
      value: 
      objectReference: {fileID: 1948108242}
    - target: {fileID: 4366712158683462, guid: eec75a5399ccdcb4781e692289d62a09, type: 2}
      propertyPath: m_LocalScale.x
      value: 0.05
      objectReference: {fileID: 0}
    - target: {fileID: 4366712158683462, guid: eec75a5399ccdcb4781e692289d62a09, type: 2}
      propertyPath: m_LocalScale.y
      value: 0.05
      objectReference: {fileID: 0}
    - target: {fileID: 4366712158683462, guid: eec75a5399ccdcb4781e692289d62a09, type: 2}
      propertyPath: m_LocalScale.z
      value: 1
      objectReference: {fileID: 0}
    - target: {fileID: 1965640188826218, guid: eec75a5399ccdcb4781e692289d62a09, type: 2}
      propertyPath: m_Name
      value: Asteroid (1)
      objectReference: {fileID: 0}
    - target: {fileID: 212229749871668328, guid: eec75a5399ccdcb4781e692289d62a09,
        type: 2}
      propertyPath: m_Sprite
      value: 
      objectReference: {fileID: 21300004, guid: 4399b1faa2fa7c54a8529d9279e8fc7b,
        type: 3}
    m_RemovedComponents:
    - {fileID: 114254818739373378, guid: eec75a5399ccdcb4781e692289d62a09, type: 2}
    - {fileID: 0}
  m_ParentPrefab: {fileID: 100100000, guid: eec75a5399ccdcb4781e692289d62a09, type: 2}
  m_IsPrefabParent: 0
--- !u!1 &58618808
GameObject:
  m_ObjectHideFlags: 0
  m_PrefabParentObject: {fileID: 0}
  m_PrefabInternal: {fileID: 0}
  serializedVersion: 5
  m_Component:
  - component: {fileID: 58618809}
  - component: {fileID: 58618810}
  m_Layer: 0
  m_Name: AngleChanger (1)
  m_TagString: Untagged
  m_Icon: {fileID: 0}
  m_NavMeshLayer: 0
  m_StaticEditorFlags: 0
  m_IsActive: 1
--- !u!4 &58618809
Transform:
  m_ObjectHideFlags: 0
  m_PrefabParentObject: {fileID: 0}
  m_PrefabInternal: {fileID: 0}
  m_GameObject: {fileID: 58618808}
  m_LocalRotation: {x: -0, y: -0, z: -0, w: 1}
  m_LocalPosition: {x: 0.00000010058284, y: 0, z: 0}
  m_LocalScale: {x: 0.99999976, y: 0.99999976, z: 1}
  m_Children: []
  m_Father: {fileID: 832954885}
  m_RootOrder: 3
  m_LocalEulerAnglesHint: {x: 0, y: 0, z: 0}
--- !u!114 &58618810
MonoBehaviour:
  m_ObjectHideFlags: 0
  m_PrefabParentObject: {fileID: 0}
  m_PrefabInternal: {fileID: 0}
  m_GameObject: {fileID: 58618808}
  m_Enabled: 1
  m_EditorHideFlags: 0
  m_Script: {fileID: 11500000, guid: c580e278329e88545b55685b97208c07, type: 3}
  m_Name: 
  m_EditorClassIdentifier: 
  pivotPoint: {fileID: 832954885}
  angleChange: -10
  mode: 1
--- !u!1 &79345838 stripped
GameObject:
  m_PrefabParentObject: {fileID: 1965640188826218, guid: eec75a5399ccdcb4781e692289d62a09,
    type: 2}
  m_PrefabInternal: {fileID: 6989147}
--- !u!4 &79345839 stripped
Transform:
  m_PrefabParentObject: {fileID: 4366712158683462, guid: eec75a5399ccdcb4781e692289d62a09,
    type: 2}
  m_PrefabInternal: {fileID: 6989147}
--- !u!114 &79345840
MonoBehaviour:
  m_ObjectHideFlags: 0
  m_PrefabParentObject: {fileID: 0}
  m_PrefabInternal: {fileID: 0}
  m_GameObject: {fileID: 79345838}
  m_Enabled: 1
  m_EditorHideFlags: 0
  m_Script: {fileID: 11500000, guid: 59cdc5d57974849409862ab1953a7c7b, type: 3}
  m_Name: 
  m_EditorClassIdentifier: 
  explosion: {fileID: 1618097045044518, guid: 965ea965d5c1d3140b70b05fb4aae4c1, type: 2}
  effectedBy: ball
--- !u!114 &120535221 stripped
MonoBehaviour:
  m_PrefabParentObject: {fileID: 114045129333011976, guid: a2ab2879feee18a45a93b0dcaebb2528,
    type: 2}
  m_PrefabInternal: {fileID: 2050103528}
  m_Script: {fileID: 11500000, guid: 0abc279e2c453214eb7b85e79fb3b2da, type: 3}
--- !u!1 &165771542 stripped
GameObject:
  m_PrefabParentObject: {fileID: 1135160167189904, guid: 16a2b5c3c57f0a74faf69d07726d1482,
    type: 2}
  m_PrefabInternal: {fileID: 897666308}
--- !u!1001 &271110177
Prefab:
  m_ObjectHideFlags: 0
  serializedVersion: 2
  m_Modification:
    m_TransformParent: {fileID: 0}
    m_Modifications:
    - target: {fileID: 224217593579209930, guid: c686d7c080e97714bbfea375c08913a1,
        type: 2}
      propertyPath: m_RootOrder
      value: 6
      objectReference: {fileID: 0}
    - target: {fileID: 224217593579209930, guid: c686d7c080e97714bbfea375c08913a1,
        type: 2}
      propertyPath: m_LocalPosition.x
      value: 0
      objectReference: {fileID: 0}
    - target: {fileID: 224217593579209930, guid: c686d7c080e97714bbfea375c08913a1,
        type: 2}
      propertyPath: m_LocalPosition.y
      value: 0
      objectReference: {fileID: 0}
    - target: {fileID: 224217593579209930, guid: c686d7c080e97714bbfea375c08913a1,
        type: 2}
      propertyPath: m_LocalPosition.z
      value: 0
      objectReference: {fileID: 0}
    - target: {fileID: 224217593579209930, guid: c686d7c080e97714bbfea375c08913a1,
        type: 2}
      propertyPath: m_LocalRotation.x
      value: 0
      objectReference: {fileID: 0}
    - target: {fileID: 224217593579209930, guid: c686d7c080e97714bbfea375c08913a1,
        type: 2}
      propertyPath: m_LocalRotation.y
      value: 0
      objectReference: {fileID: 0}
    - target: {fileID: 224217593579209930, guid: c686d7c080e97714bbfea375c08913a1,
        type: 2}
      propertyPath: m_LocalRotation.z
      value: 0
      objectReference: {fileID: 0}
    - target: {fileID: 224217593579209930, guid: c686d7c080e97714bbfea375c08913a1,
        type: 2}
      propertyPath: m_LocalRotation.w
      value: 1
      objectReference: {fileID: 0}
    - target: {fileID: 224217593579209930, guid: c686d7c080e97714bbfea375c08913a1,
        type: 2}
      propertyPath: m_RootOrder
      value: 6
      objectReference: {fileID: 0}
    - target: {fileID: 224217593579209930, guid: c686d7c080e97714bbfea375c08913a1,
        type: 2}
      propertyPath: m_AnchoredPosition.x
      value: 0
      objectReference: {fileID: 0}
    - target: {fileID: 224217593579209930, guid: c686d7c080e97714bbfea375c08913a1,
        type: 2}
      propertyPath: m_AnchoredPosition.y
      value: 0
      objectReference: {fileID: 0}
    - target: {fileID: 224217593579209930, guid: c686d7c080e97714bbfea375c08913a1,
        type: 2}
      propertyPath: m_SizeDelta.x
      value: 0
      objectReference: {fileID: 0}
    - target: {fileID: 224217593579209930, guid: c686d7c080e97714bbfea375c08913a1,
        type: 2}
      propertyPath: m_SizeDelta.y
      value: 0
      objectReference: {fileID: 0}
    - target: {fileID: 224217593579209930, guid: c686d7c080e97714bbfea375c08913a1,
        type: 2}
      propertyPath: m_AnchorMin.x
      value: 0
      objectReference: {fileID: 0}
    - target: {fileID: 224217593579209930, guid: c686d7c080e97714bbfea375c08913a1,
        type: 2}
      propertyPath: m_AnchorMin.y
      value: 0
      objectReference: {fileID: 0}
    - target: {fileID: 224217593579209930, guid: c686d7c080e97714bbfea375c08913a1,
        type: 2}
      propertyPath: m_AnchorMax.x
      value: 0
      objectReference: {fileID: 0}
    - target: {fileID: 224217593579209930, guid: c686d7c080e97714bbfea375c08913a1,
        type: 2}
      propertyPath: m_AnchorMax.y
      value: 0
      objectReference: {fileID: 0}
    - target: {fileID: 224217593579209930, guid: c686d7c080e97714bbfea375c08913a1,
        type: 2}
      propertyPath: m_Pivot.x
      value: 0
      objectReference: {fileID: 0}
    - target: {fileID: 224217593579209930, guid: c686d7c080e97714bbfea375c08913a1,
        type: 2}
      propertyPath: m_Pivot.y
      value: 0
      objectReference: {fileID: 0}
    - target: {fileID: 223385646927328002, guid: c686d7c080e97714bbfea375c08913a1,
        type: 2}
      propertyPath: m_Camera
      value: 
      objectReference: {fileID: 2050103529}
    - target: {fileID: 1591598805327142, guid: c686d7c080e97714bbfea375c08913a1, type: 2}
      propertyPath: m_IsActive
      value: 1
      objectReference: {fileID: 0}
    m_RemovedComponents: []
  m_ParentPrefab: {fileID: 100100000, guid: c686d7c080e97714bbfea375c08913a1, type: 2}
  m_IsPrefabParent: 0
--- !u!1 &336377817
GameObject:
  m_ObjectHideFlags: 0
  m_PrefabParentObject: {fileID: 0}
  m_PrefabInternal: {fileID: 0}
  serializedVersion: 5
  m_Component:
  - component: {fileID: 336377818}
  - component: {fileID: 336377819}
  m_Layer: 0
  m_Name: World
  m_TagString: Untagged
  m_Icon: {fileID: 0}
  m_NavMeshLayer: 0
  m_StaticEditorFlags: 0
  m_IsActive: 1
--- !u!4 &336377818
Transform:
  m_ObjectHideFlags: 0
  m_PrefabParentObject: {fileID: 0}
  m_PrefabInternal: {fileID: 0}
  m_GameObject: {fileID: 336377817}
  m_LocalRotation: {x: 0, y: 0, z: 0, w: 1}
  m_LocalPosition: {x: 0, y: 0, z: 0}
  m_LocalScale: {x: 1, y: 1, z: 1}
  m_Children:
  - {fileID: 612784399}
  - {fileID: 1948108243}
  - {fileID: 2131173863}
  - {fileID: 1754960140}
  - {fileID: 1995071401}
  m_Father: {fileID: 0}
  m_RootOrder: 3
  m_LocalEulerAnglesHint: {x: 0, y: 0, z: 0}
--- !u!114 &336377819
MonoBehaviour:
  m_ObjectHideFlags: 0
  m_PrefabParentObject: {fileID: 0}
  m_PrefabInternal: {fileID: 0}
  m_GameObject: {fileID: 336377817}
  m_Enabled: 1
  m_EditorHideFlags: 0
  m_Script: {fileID: 11500000, guid: d181f0da846b79b418c94068606db144, type: 3}
  m_Name: 
  m_EditorClassIdentifier: 
  level_complete: 0
  next_level_id: 6
--- !u!1 &353275654
GameObject:
  m_ObjectHideFlags: 0
  m_PrefabParentObject: {fileID: 0}
  m_PrefabInternal: {fileID: 0}
  serializedVersion: 5
  m_Component:
  - component: {fileID: 353275655}
  - component: {fileID: 353275656}
  m_Layer: 0
  m_Name: AngleSwitcher
  m_TagString: Untagged
  m_Icon: {fileID: 0}
  m_NavMeshLayer: 0
  m_StaticEditorFlags: 0
  m_IsActive: 1
--- !u!4 &353275655
Transform:
  m_ObjectHideFlags: 0
  m_PrefabParentObject: {fileID: 0}
  m_PrefabInternal: {fileID: 0}
  m_GameObject: {fileID: 353275654}
  m_LocalRotation: {x: 0, y: 0, z: 0, w: 1}
  m_LocalPosition: {x: 0, y: 0, z: 0}
  m_LocalScale: {x: 1, y: 1, z: 1}
  m_Children: []
  m_Father: {fileID: 832954885}
  m_RootOrder: 4
  m_LocalEulerAnglesHint: {x: 0, y: 0, z: 0}
--- !u!114 &353275656
MonoBehaviour:
  m_ObjectHideFlags: 0
  m_PrefabParentObject: {fileID: 0}
  m_PrefabInternal: {fileID: 0}
  m_GameObject: {fileID: 353275654}
  m_Enabled: 1
  m_EditorHideFlags: 0
  m_Script: {fileID: 11500000, guid: 822abec2b85c46a4d9f983880a6c87af, type: 3}
  m_Name: 
  m_EditorClassIdentifier: 
  pivotPoint: {fileID: 832954885}
  angles:
  - 0
  - 45
  - 90
  - 135
  - 180
--- !u!1 &512432267
GameObject:
  m_ObjectHideFlags: 0
  m_PrefabParentObject: {fileID: 0}
  m_PrefabInternal: {fileID: 0}
  serializedVersion: 5
  m_Component:
  - component: {fileID: 512432271}
  - component: {fileID: 512432270}
  - component: {fileID: 512432269}
  - component: {fileID: 512432268}
  m_Layer: 0
  m_Name: Backdrop
  m_TagString: Untagged
  m_Icon: {fileID: 0}
  m_NavMeshLayer: 0
  m_StaticEditorFlags: 0
  m_IsActive: 1
--- !u!23 &512432268
MeshRenderer:
  m_ObjectHideFlags: 0
  m_PrefabParentObject: {fileID: 0}
  m_PrefabInternal: {fileID: 0}
  m_GameObject: {fileID: 512432267}
  m_Enabled: 1
  m_CastShadows: 1
  m_ReceiveShadows: 1
  m_DynamicOccludee: 1
  m_MotionVectors: 1
  m_LightProbeUsage: 1
  m_ReflectionProbeUsage: 1
  m_Materials:
  - {fileID: 2100000, guid: 047af7d3d54d85843a542c6d7ab93e14, type: 2}
  m_StaticBatchInfo:
    firstSubMesh: 0
    subMeshCount: 0
  m_StaticBatchRoot: {fileID: 0}
  m_ProbeAnchor: {fileID: 0}
  m_LightProbeVolumeOverride: {fileID: 0}
  m_ScaleInLightmap: 1
  m_PreserveUVs: 1
  m_IgnoreNormalsForChartDetection: 0
  m_ImportantGI: 0
  m_StitchLightmapSeams: 0
  m_SelectedEditorRenderState: 3
  m_MinimumChartSize: 4
  m_AutoUVMaxDistance: 0.5
  m_AutoUVMaxAngle: 89
  m_LightmapParameters: {fileID: 0}
  m_SortingLayerID: 0
  m_SortingLayer: 0
  m_SortingOrder: 0
--- !u!64 &512432269
MeshCollider:
  m_ObjectHideFlags: 0
  m_PrefabParentObject: {fileID: 0}
  m_PrefabInternal: {fileID: 0}
  m_GameObject: {fileID: 512432267}
  m_Material: {fileID: 0}
  m_IsTrigger: 0
  m_Enabled: 1
  serializedVersion: 3
  m_Convex: 0
  m_CookingOptions: 14
  m_SkinWidth: 0.01
  m_Mesh: {fileID: 10209, guid: 0000000000000000e000000000000000, type: 0}
--- !u!33 &512432270
MeshFilter:
  m_ObjectHideFlags: 0
  m_PrefabParentObject: {fileID: 0}
  m_PrefabInternal: {fileID: 0}
  m_GameObject: {fileID: 512432267}
  m_Mesh: {fileID: 10209, guid: 0000000000000000e000000000000000, type: 0}
--- !u!4 &512432271
Transform:
  m_ObjectHideFlags: 0
  m_PrefabParentObject: {fileID: 0}
  m_PrefabInternal: {fileID: 0}
  m_GameObject: {fileID: 512432267}
  m_LocalRotation: {x: -0.7071068, y: 0, z: 0, w: 0.7071068}
  m_LocalPosition: {x: 0, y: 0, z: 0}
  m_LocalScale: {x: 8.107501, y: 1, z: 2.849998}
  m_Children:
  - {fileID: 1060589533}
  m_Father: {fileID: 0}
  m_RootOrder: 1
  m_LocalEulerAnglesHint: {x: -90, y: 0, z: 0}
--- !u!1001 &516297203
Prefab:
  m_ObjectHideFlags: 0
  serializedVersion: 2
  m_Modification:
    m_TransformParent: {fileID: 1995071401}
    m_Modifications:
    - target: {fileID: 4920690045147746, guid: c0697890a46623543912f82bba3940cc, type: 2}
      propertyPath: m_LocalPosition.x
      value: 0
      objectReference: {fileID: 0}
    - target: {fileID: 4920690045147746, guid: c0697890a46623543912f82bba3940cc, type: 2}
      propertyPath: m_LocalPosition.y
      value: -2.46
      objectReference: {fileID: 0}
    - target: {fileID: 4920690045147746, guid: c0697890a46623543912f82bba3940cc, type: 2}
      propertyPath: m_LocalPosition.z
      value: 0
      objectReference: {fileID: 0}
    - target: {fileID: 4920690045147746, guid: c0697890a46623543912f82bba3940cc, type: 2}
      propertyPath: m_LocalRotation.x
      value: -0
      objectReference: {fileID: 0}
    - target: {fileID: 4920690045147746, guid: c0697890a46623543912f82bba3940cc, type: 2}
      propertyPath: m_LocalRotation.y
      value: -0
      objectReference: {fileID: 0}
    - target: {fileID: 4920690045147746, guid: c0697890a46623543912f82bba3940cc, type: 2}
      propertyPath: m_LocalRotation.z
      value: 0.9999764
      objectReference: {fileID: 0}
    - target: {fileID: 4920690045147746, guid: c0697890a46623543912f82bba3940cc, type: 2}
      propertyPath: m_LocalRotation.w
      value: 0.0068762354
      objectReference: {fileID: 0}
    - target: {fileID: 4920690045147746, guid: c0697890a46623543912f82bba3940cc, type: 2}
      propertyPath: m_RootOrder
      value: 3
      objectReference: {fileID: 0}
    - target: {fileID: 1151849499414216, guid: c0697890a46623543912f82bba3940cc, type: 2}
      propertyPath: m_Name
      value: AngleSwitchBtn
      objectReference: {fileID: 0}
    - target: {fileID: 4920690045147746, guid: c0697890a46623543912f82bba3940cc, type: 2}
      propertyPath: m_LocalScale.z
      value: 0.16412115
      objectReference: {fileID: 0}
    - target: {fileID: 4920690045147746, guid: c0697890a46623543912f82bba3940cc, type: 2}
      propertyPath: m_LocalEulerAnglesHint.z
      value: 179.212
      objectReference: {fileID: 0}
    - target: {fileID: 114044803508705112, guid: c0697890a46623543912f82bba3940cc,
        type: 2}
      propertyPath: thingToTrigger
      value: 
      objectReference: {fileID: 1905189355}
    m_RemovedComponents: []
  m_ParentPrefab: {fileID: 100100000, guid: c0697890a46623543912f82bba3940cc, type: 2}
  m_IsPrefabParent: 0
--- !u!4 &612784399 stripped
Transform:
  m_PrefabParentObject: {fileID: 4551703857518032, guid: 5175c455ac6d8d3429f06fe44d570c49,
    type: 2}
  m_PrefabInternal: {fileID: 1135087745}
--- !u!1 &757110066
GameObject:
  m_ObjectHideFlags: 0
  m_PrefabParentObject: {fileID: 1366941044706008, guid: 448e285041b53244fba55fa93a600269,
    type: 2}
  m_PrefabInternal: {fileID: 0}
  serializedVersion: 5
  m_Component:
  - component: {fileID: 757110067}
  - component: {fileID: 757110068}
  m_Layer: 0
  m_Name: GroundField
  m_TagString: ground
  m_Icon: {fileID: 0}
  m_NavMeshLayer: 0
  m_StaticEditorFlags: 0
  m_IsActive: 0
--- !u!4 &757110067
Transform:
  m_ObjectHideFlags: 0
  m_PrefabParentObject: {fileID: 4727094295794186, guid: 448e285041b53244fba55fa93a600269,
    type: 2}
  m_PrefabInternal: {fileID: 0}
  m_GameObject: {fileID: 757110066}
  m_LocalRotation: {x: 0, y: 0, z: 0, w: 1}
  m_LocalPosition: {x: 0, y: 0, z: 0}
  m_LocalScale: {x: 1, y: 1, z: 1}
  m_Children: []
  m_Father: {fileID: 1995071401}
  m_RootOrder: 0
  m_LocalEulerAnglesHint: {x: 0, y: 0, z: 0}
--- !u!58 &757110068
CircleCollider2D:
  m_ObjectHideFlags: 0
  m_PrefabParentObject: {fileID: 58301999712719828, guid: 448e285041b53244fba55fa93a600269,
    type: 2}
  m_PrefabInternal: {fileID: 0}
  m_GameObject: {fileID: 757110066}
  m_Enabled: 1
  m_Density: 1
  m_Material: {fileID: 0}
  m_IsTrigger: 1
  m_UsedByEffector: 0
  m_UsedByComposite: 0
  m_Offset: {x: 0, y: 0}
  serializedVersion: 2
  m_Radius: 0.55
--- !u!1001 &779194857
Prefab:
  m_ObjectHideFlags: 0
  serializedVersion: 2
  m_Modification:
    m_TransformParent: {fileID: 336377818}
    m_Modifications:
    - target: {fileID: 4721113305862616, guid: a773983a04817c64283ccfa797add387, type: 2}
      propertyPath: m_LocalPosition.x
      value: -4.32
      objectReference: {fileID: 0}
    - target: {fileID: 4721113305862616, guid: a773983a04817c64283ccfa797add387, type: 2}
      propertyPath: m_LocalPosition.y
      value: -6.09
      objectReference: {fileID: 0}
    - target: {fileID: 4721113305862616, guid: a773983a04817c64283ccfa797add387, type: 2}
      propertyPath: m_LocalPosition.z
      value: -0.5
      objectReference: {fileID: 0}
    - target: {fileID: 4721113305862616, guid: a773983a04817c64283ccfa797add387, type: 2}
      propertyPath: m_LocalRotation.x
      value: -0
      objectReference: {fileID: 0}
    - target: {fileID: 4721113305862616, guid: a773983a04817c64283ccfa797add387, type: 2}
      propertyPath: m_LocalRotation.y
      value: -0
      objectReference: {fileID: 0}
    - target: {fileID: 4721113305862616, guid: a773983a04817c64283ccfa797add387, type: 2}
      propertyPath: m_LocalRotation.z
      value: -0.21659707
      objectReference: {fileID: 0}
    - target: {fileID: 4721113305862616, guid: a773983a04817c64283ccfa797add387, type: 2}
      propertyPath: m_LocalRotation.w
      value: 0.9762611
      objectReference: {fileID: 0}
    - target: {fileID: 4721113305862616, guid: a773983a04817c64283ccfa797add387, type: 2}
      propertyPath: m_RootOrder
      value: 3
      objectReference: {fileID: 0}
    - target: {fileID: 114589654446311670, guid: a773983a04817c64283ccfa797add387,
        type: 2}
      propertyPath: closestBody
      value: 
      objectReference: {fileID: 1995071400}
    - target: {fileID: 114581517556401008, guid: a773983a04817c64283ccfa797add387,
        type: 2}
      propertyPath: cam_follow
      value: 
      objectReference: {fileID: 120535221}
    m_RemovedComponents: []
  m_ParentPrefab: {fileID: 100100000, guid: a773983a04817c64283ccfa797add387, type: 2}
  m_IsPrefabParent: 0
--- !u!1001 &781104325
Prefab:
  m_ObjectHideFlags: 0
  serializedVersion: 2
  m_Modification:
    m_TransformParent: {fileID: 1948108243}
    m_Modifications:
    - target: {fileID: 4366712158683462, guid: eec75a5399ccdcb4781e692289d62a09, type: 2}
      propertyPath: m_LocalPosition.x
      value: 1.45
      objectReference: {fileID: 0}
    - target: {fileID: 4366712158683462, guid: eec75a5399ccdcb4781e692289d62a09, type: 2}
      propertyPath: m_LocalPosition.y
      value: -2.8799999
      objectReference: {fileID: 0}
    - target: {fileID: 4366712158683462, guid: eec75a5399ccdcb4781e692289d62a09, type: 2}
      propertyPath: m_LocalPosition.z
      value: 0
      objectReference: {fileID: 0}
    - target: {fileID: 4366712158683462, guid: eec75a5399ccdcb4781e692289d62a09, type: 2}
      propertyPath: m_LocalRotation.x
      value: -0
      objectReference: {fileID: 0}
    - target: {fileID: 4366712158683462, guid: eec75a5399ccdcb4781e692289d62a09, type: 2}
      propertyPath: m_LocalRotation.y
      value: -0
      objectReference: {fileID: 0}
    - target: {fileID: 4366712158683462, guid: eec75a5399ccdcb4781e692289d62a09, type: 2}
      propertyPath: m_LocalRotation.z
      value: -0
      objectReference: {fileID: 0}
    - target: {fileID: 4366712158683462, guid: eec75a5399ccdcb4781e692289d62a09, type: 2}
      propertyPath: m_LocalRotation.w
      value: 1
      objectReference: {fileID: 0}
    - target: {fileID: 4366712158683462, guid: eec75a5399ccdcb4781e692289d62a09, type: 2}
      propertyPath: m_RootOrder
      value: 5
      objectReference: {fileID: 0}
    - target: {fileID: 114254818739373378, guid: eec75a5399ccdcb4781e692289d62a09,
        type: 2}
      propertyPath: gravitational_body
      value: 
      objectReference: {fileID: 1948108242}
    - target: {fileID: 4366712158683462, guid: eec75a5399ccdcb4781e692289d62a09, type: 2}
      propertyPath: m_LocalScale.x
      value: 0.05
      objectReference: {fileID: 0}
    - target: {fileID: 4366712158683462, guid: eec75a5399ccdcb4781e692289d62a09, type: 2}
      propertyPath: m_LocalScale.y
      value: 0.05
      objectReference: {fileID: 0}
    - target: {fileID: 4366712158683462, guid: eec75a5399ccdcb4781e692289d62a09, type: 2}
      propertyPath: m_LocalScale.z
      value: 1
      objectReference: {fileID: 0}
    - target: {fileID: 1965640188826218, guid: eec75a5399ccdcb4781e692289d62a09, type: 2}
      propertyPath: m_Name
      value: Asteroid (2)
      objectReference: {fileID: 0}
    - target: {fileID: 212229749871668328, guid: eec75a5399ccdcb4781e692289d62a09,
        type: 2}
      propertyPath: m_Sprite
      value: 
      objectReference: {fileID: 21300000, guid: 4399b1faa2fa7c54a8529d9279e8fc7b,
        type: 3}
    m_RemovedComponents:
    - {fileID: 114254818739373378, guid: eec75a5399ccdcb4781e692289d62a09, type: 2}
    - {fileID: 0}
  m_ParentPrefab: {fileID: 100100000, guid: eec75a5399ccdcb4781e692289d62a09, type: 2}
  m_IsPrefabParent: 0
--- !u!1 &801480464
GameObject:
  m_ObjectHideFlags: 0
  m_PrefabParentObject: {fileID: 0}
  m_PrefabInternal: {fileID: 0}
  serializedVersion: 5
  m_Component:
  - component: {fileID: 801480467}
  - component: {fileID: 801480466}
  - component: {fileID: 801480465}
  m_Layer: 0
  m_Name: EventSystem
  m_TagString: Untagged
  m_Icon: {fileID: 0}
  m_NavMeshLayer: 0
  m_StaticEditorFlags: 0
  m_IsActive: 1
--- !u!114 &801480465
MonoBehaviour:
  m_ObjectHideFlags: 0
  m_PrefabParentObject: {fileID: 0}
  m_PrefabInternal: {fileID: 0}
  m_GameObject: {fileID: 801480464}
  m_Enabled: 1
  m_EditorHideFlags: 0
  m_Script: {fileID: 1077351063, guid: f70555f144d8491a825f0804e09c671c, type: 3}
  m_Name: 
  m_EditorClassIdentifier: 
  m_HorizontalAxis: Horizontal
  m_VerticalAxis: Vertical
  m_SubmitButton: Submit
  m_CancelButton: Cancel
  m_InputActionsPerSecond: 10
  m_RepeatDelay: 0.5
  m_ForceModuleActive: 0
--- !u!114 &801480466
MonoBehaviour:
  m_ObjectHideFlags: 0
  m_PrefabParentObject: {fileID: 0}
  m_PrefabInternal: {fileID: 0}
  m_GameObject: {fileID: 801480464}
  m_Enabled: 1
  m_EditorHideFlags: 0
  m_Script: {fileID: -619905303, guid: f70555f144d8491a825f0804e09c671c, type: 3}
  m_Name: 
  m_EditorClassIdentifier: 
  m_FirstSelected: {fileID: 0}
  m_sendNavigationEvents: 1
  m_DragThreshold: 5
--- !u!4 &801480467
Transform:
  m_ObjectHideFlags: 0
  m_PrefabParentObject: {fileID: 0}
  m_PrefabInternal: {fileID: 0}
  m_GameObject: {fileID: 801480464}
  m_LocalRotation: {x: 0, y: 0, z: 0, w: 1}
  m_LocalPosition: {x: 0, y: 0, z: 0}
  m_LocalScale: {x: 1, y: 1, z: 1}
  m_Children: []
  m_Father: {fileID: 0}
  m_RootOrder: 4
  m_LocalEulerAnglesHint: {x: 0, y: 0, z: 0}
--- !u!4 &832954885 stripped
Transform:
  m_PrefabParentObject: {fileID: 4030609353750642, guid: 21ed71ca4f48194489793f4d15fe4412,
    type: 2}
  m_PrefabInternal: {fileID: 2064574593}
--- !u!1001 &849779939
Prefab:
  m_ObjectHideFlags: 0
  serializedVersion: 2
  m_Modification:
    m_TransformParent: {fileID: 1995071401}
    m_Modifications:
    - target: {fileID: 4920690045147746, guid: c0697890a46623543912f82bba3940cc, type: 2}
      propertyPath: m_LocalPosition.x
      value: 2.37
      objectReference: {fileID: 0}
    - target: {fileID: 4920690045147746, guid: c0697890a46623543912f82bba3940cc, type: 2}
      propertyPath: m_LocalPosition.y
      value: -0.022468567
      objectReference: {fileID: 0}
    - target: {fileID: 4920690045147746, guid: c0697890a46623543912f82bba3940cc, type: 2}
      propertyPath: m_LocalPosition.z
      value: 0
      objectReference: {fileID: 0}
    - target: {fileID: 4920690045147746, guid: c0697890a46623543912f82bba3940cc, type: 2}
      propertyPath: m_LocalRotation.x
      value: -0
      objectReference: {fileID: 0}
    - target: {fileID: 4920690045147746, guid: c0697890a46623543912f82bba3940cc, type: 2}
      propertyPath: m_LocalRotation.y
      value: -0
      objectReference: {fileID: 0}
    - target: {fileID: 4920690045147746, guid: c0697890a46623543912f82bba3940cc, type: 2}
      propertyPath: m_LocalRotation.z
      value: -0.71459645
      objectReference: {fileID: 0}
    - target: {fileID: 4920690045147746, guid: c0697890a46623543912f82bba3940cc, type: 2}
      propertyPath: m_LocalRotation.w
      value: 0.6995369
      objectReference: {fileID: 0}
    - target: {fileID: 4920690045147746, guid: c0697890a46623543912f82bba3940cc, type: 2}
      propertyPath: m_RootOrder
      value: 5
      objectReference: {fileID: 0}
    - target: {fileID: 4920690045147746, guid: c0697890a46623543912f82bba3940cc, type: 2}
      propertyPath: m_LocalScale.z
      value: 0.16412115
      objectReference: {fileID: 0}
    - target: {fileID: 1151849499414216, guid: c0697890a46623543912f82bba3940cc, type: 2}
      propertyPath: m_Name
      value: AngleSwitchBtn
      objectReference: {fileID: 0}
    - target: {fileID: 4920690045147746, guid: c0697890a46623543912f82bba3940cc, type: 2}
      propertyPath: m_LocalEulerAnglesHint.z
      value: -91.22
      objectReference: {fileID: 0}
    - target: {fileID: 114044803508705112, guid: c0697890a46623543912f82bba3940cc,
        type: 2}
      propertyPath: thingToTrigger
      value: 
      objectReference: {fileID: 353275654}
    m_RemovedComponents: []
  m_ParentPrefab: {fileID: 100100000, guid: c0697890a46623543912f82bba3940cc, type: 2}
  m_IsPrefabParent: 0
--- !u!4 &890660950 stripped
Transform:
  m_PrefabParentObject: {fileID: 4920690045147746, guid: c0697890a46623543912f82bba3940cc,
    type: 2}
  m_PrefabInternal: {fileID: 516297203}
--- !u!1001 &897666308
Prefab:
  m_ObjectHideFlags: 0
  serializedVersion: 2
  m_Modification:
    m_TransformParent: {fileID: 0}
    m_Modifications:
    - target: {fileID: 0}
      propertyPath: bodies_blacklist.Array.size
      value: 2
      objectReference: {fileID: 0}
    - target: {fileID: 4834162855186504, guid: 16a2b5c3c57f0a74faf69d07726d1482, type: 2}
      propertyPath: m_LocalPosition.x
      value: 6.47
      objectReference: {fileID: 0}
    - target: {fileID: 4834162855186504, guid: 16a2b5c3c57f0a74faf69d07726d1482, type: 2}
      propertyPath: m_LocalPosition.y
      value: 1.94
      objectReference: {fileID: 0}
    - target: {fileID: 4834162855186504, guid: 16a2b5c3c57f0a74faf69d07726d1482, type: 2}
      propertyPath: m_LocalPosition.z
      value: 0
      objectReference: {fileID: 0}
    - target: {fileID: 4834162855186504, guid: 16a2b5c3c57f0a74faf69d07726d1482, type: 2}
      propertyPath: m_LocalRotation.x
      value: 0
      objectReference: {fileID: 0}
    - target: {fileID: 4834162855186504, guid: 16a2b5c3c57f0a74faf69d07726d1482, type: 2}
      propertyPath: m_LocalRotation.y
      value: 0
      objectReference: {fileID: 0}
    - target: {fileID: 4834162855186504, guid: 16a2b5c3c57f0a74faf69d07726d1482, type: 2}
      propertyPath: m_LocalRotation.z
      value: 0
      objectReference: {fileID: 0}
    - target: {fileID: 4834162855186504, guid: 16a2b5c3c57f0a74faf69d07726d1482, type: 2}
      propertyPath: m_LocalRotation.w
      value: 1
      objectReference: {fileID: 0}
    - target: {fileID: 4834162855186504, guid: 16a2b5c3c57f0a74faf69d07726d1482, type: 2}
      propertyPath: m_RootOrder
      value: 5
      objectReference: {fileID: 0}
    - target: {fileID: 1135160167189904, guid: 16a2b5c3c57f0a74faf69d07726d1482, type: 2}
      propertyPath: m_IsActive
      value: 0
      objectReference: {fileID: 0}
    - target: {fileID: 0}
      propertyPath: bodies_blacklist.Array.data[0]
      value: 
      objectReference: {fileID: 0}
    - target: {fileID: 0}
      propertyPath: bodies_blacklist.Array.data[1]
      value: 
      objectReference: {fileID: 0}
    - target: {fileID: 50781687060697130, guid: 16a2b5c3c57f0a74faf69d07726d1482,
        type: 2}
      propertyPath: m_AngularDrag
      value: 0
      objectReference: {fileID: 0}
    - target: {fileID: 50781687060697130, guid: 16a2b5c3c57f0a74faf69d07726d1482,
        type: 2}
      propertyPath: m_Simulated
      value: 1
      objectReference: {fileID: 0}
    - target: {fileID: 50781687060697130, guid: 16a2b5c3c57f0a74faf69d07726d1482,
        type: 2}
      propertyPath: m_UseAutoMass
      value: 0
      objectReference: {fileID: 0}
    - target: {fileID: 4834162855186504, guid: 16a2b5c3c57f0a74faf69d07726d1482, type: 2}
      propertyPath: m_LocalScale.x
      value: 0.1
      objectReference: {fileID: 0}
    - target: {fileID: 4834162855186504, guid: 16a2b5c3c57f0a74faf69d07726d1482, type: 2}
      propertyPath: m_LocalScale.y
      value: 0.1
      objectReference: {fileID: 0}
    m_RemovedComponents: []
  m_ParentPrefab: {fileID: 100100000, guid: 16a2b5c3c57f0a74faf69d07726d1482, type: 2}
  m_IsPrefabParent: 0
--- !u!4 &934655770 stripped
Transform:
  m_PrefabParentObject: {fileID: 4920690045147746, guid: c0697890a46623543912f82bba3940cc,
    type: 2}
  m_PrefabInternal: {fileID: 849779939}
--- !u!1 &953024972
GameObject:
  m_ObjectHideFlags: 0
  m_PrefabParentObject: {fileID: 1121341155507062, guid: 448e285041b53244fba55fa93a600269,
    type: 2}
  m_PrefabInternal: {fileID: 0}
  serializedVersion: 5
  m_Component:
  - component: {fileID: 953024973}
  - component: {fileID: 953024976}
  - component: {fileID: 953024975}
  - component: {fileID: 953024974}
  m_Layer: 0
  m_Name: Gravity_Field
  m_TagString: gravity_field
  m_Icon: {fileID: 0}
  m_NavMeshLayer: 0
  m_StaticEditorFlags: 0
  m_IsActive: 1
--- !u!4 &953024973
Transform:
  m_ObjectHideFlags: 0
  m_PrefabParentObject: {fileID: 4095708436314900, guid: 448e285041b53244fba55fa93a600269,
    type: 2}
  m_PrefabInternal: {fileID: 0}
  m_GameObject: {fileID: 953024972}
  m_LocalRotation: {x: -0, y: -0, z: -0, w: 1}
  m_LocalPosition: {x: 0, y: 0, z: 0}
  m_LocalScale: {x: 7, y: 7, z: 0.16412109}
  m_Children: []
  m_Father: {fileID: 1948108243}
  m_RootOrder: 1
  m_LocalEulerAnglesHint: {x: 0, y: 0, z: 0}
--- !u!114 &953024974
MonoBehaviour:
  m_ObjectHideFlags: 0
  m_PrefabParentObject: {fileID: 114436233685165668, guid: 448e285041b53244fba55fa93a600269,
    type: 2}
  m_PrefabInternal: {fileID: 0}
  m_GameObject: {fileID: 953024972}
  m_Enabled: 1
  m_EditorHideFlags: 0
  m_Script: {fileID: 11500000, guid: da2d0f68964977e49b0a770f14b22ef2, type: 3}
  m_Name: 
  m_EditorClassIdentifier: 
  gf: {fileID: 1948108244}
--- !u!58 &953024975
CircleCollider2D:
  m_ObjectHideFlags: 0
  m_PrefabParentObject: {fileID: 58810947210637052, guid: 448e285041b53244fba55fa93a600269,
    type: 2}
  m_PrefabInternal: {fileID: 0}
  m_GameObject: {fileID: 953024972}
  m_Enabled: 1
  m_Density: 1
  m_Material: {fileID: 0}
  m_IsTrigger: 1
  m_UsedByEffector: 0
  m_UsedByComposite: 0
  m_Offset: {x: 0, y: 0}
  serializedVersion: 2
  m_Radius: 0.5
--- !u!212 &953024976
SpriteRenderer:
  m_ObjectHideFlags: 0
  m_PrefabParentObject: {fileID: 212983330773143558, guid: 448e285041b53244fba55fa93a600269,
    type: 2}
  m_PrefabInternal: {fileID: 0}
  m_GameObject: {fileID: 953024972}
  m_Enabled: 1
  m_CastShadows: 0
  m_ReceiveShadows: 0
  m_DynamicOccludee: 1
  m_MotionVectors: 1
  m_LightProbeUsage: 1
  m_ReflectionProbeUsage: 1
  m_Materials:
  - {fileID: 10754, guid: 0000000000000000f000000000000000, type: 0}
  m_StaticBatchInfo:
    firstSubMesh: 0
    subMeshCount: 0
  m_StaticBatchRoot: {fileID: 0}
  m_ProbeAnchor: {fileID: 0}
  m_LightProbeVolumeOverride: {fileID: 0}
  m_ScaleInLightmap: 1
  m_PreserveUVs: 0
  m_IgnoreNormalsForChartDetection: 0
  m_ImportantGI: 0
  m_StitchLightmapSeams: 0
  m_SelectedEditorRenderState: 0
  m_MinimumChartSize: 4
  m_AutoUVMaxDistance: 0.5
  m_AutoUVMaxAngle: 89
  m_LightmapParameters: {fileID: 0}
  m_SortingLayerID: 0
  m_SortingLayer: 0
  m_SortingOrder: -1
  m_Sprite: {fileID: 21300000, guid: aa761e717078182409872da83f72c490, type: 3}
  m_Color: {r: 0.39608565, g: 0.46703404, b: 0.72794116, a: 0.528}
  m_FlipX: 0
  m_FlipY: 0
  m_DrawMode: 0
  m_Size: {x: 1, y: 1}
  m_AdaptiveModeThreshold: 0.5
  m_SpriteTileMode: 0
  m_WasSpriteAssigned: 1
  m_MaskInteraction: 0
--- !u!1001 &1010569816
Prefab:
  m_ObjectHideFlags: 0
  serializedVersion: 2
  m_Modification:
    m_TransformParent: {fileID: 1995071401}
    m_Modifications:
    - target: {fileID: 4920690045147746, guid: c0697890a46623543912f82bba3940cc, type: 2}
      propertyPath: m_LocalPosition.x
      value: -2.33
      objectReference: {fileID: 0}
    - target: {fileID: 4920690045147746, guid: c0697890a46623543912f82bba3940cc, type: 2}
      propertyPath: m_LocalPosition.y
      value: 0.49630547
      objectReference: {fileID: 0}
    - target: {fileID: 4920690045147746, guid: c0697890a46623543912f82bba3940cc, type: 2}
      propertyPath: m_LocalPosition.z
      value: 0
      objectReference: {fileID: 0}
    - target: {fileID: 4920690045147746, guid: c0697890a46623543912f82bba3940cc, type: 2}
      propertyPath: m_LocalRotation.x
      value: -0
      objectReference: {fileID: 0}
    - target: {fileID: 4920690045147746, guid: c0697890a46623543912f82bba3940cc, type: 2}
      propertyPath: m_LocalRotation.y
      value: -0
      objectReference: {fileID: 0}
    - target: {fileID: 4920690045147746, guid: c0697890a46623543912f82bba3940cc, type: 2}
      propertyPath: m_LocalRotation.z
      value: 0.6727401
      objectReference: {fileID: 0}
    - target: {fileID: 4920690045147746, guid: c0697890a46623543912f82bba3940cc, type: 2}
      propertyPath: m_LocalRotation.w
      value: 0.7398789
      objectReference: {fileID: 0}
    - target: {fileID: 4920690045147746, guid: c0697890a46623543912f82bba3940cc, type: 2}
      propertyPath: m_RootOrder
      value: 4
      objectReference: {fileID: 0}
    - target: {fileID: 1151849499414216, guid: c0697890a46623543912f82bba3940cc, type: 2}
      propertyPath: m_Name
      value: AngleSwitchBtn
      objectReference: {fileID: 0}
    - target: {fileID: 4920690045147746, guid: c0697890a46623543912f82bba3940cc, type: 2}
      propertyPath: m_LocalScale.z
      value: 0.16412115
      objectReference: {fileID: 0}
    - target: {fileID: 4920690045147746, guid: c0697890a46623543912f82bba3940cc, type: 2}
      propertyPath: m_LocalEulerAnglesHint.z
      value: 84.55801
      objectReference: {fileID: 0}
    - target: {fileID: 114044803508705112, guid: c0697890a46623543912f82bba3940cc,
        type: 2}
      propertyPath: thingToTrigger
      value: 
      objectReference: {fileID: 353275654}
    m_RemovedComponents: []
  m_ParentPrefab: {fileID: 100100000, guid: c0697890a46623543912f82bba3940cc, type: 2}
  m_IsPrefabParent: 0
--- !u!1 &1050248354
GameObject:
  m_ObjectHideFlags: 0
  m_PrefabParentObject: {fileID: 0}
  m_PrefabInternal: {fileID: 0}
  serializedVersion: 5
  m_Component:
  - component: {fileID: 1050248355}
  - component: {fileID: 1050248357}
  - component: {fileID: 1050248356}
  m_Layer: 0
  m_Name: Orbital Region
  m_TagString: Untagged
  m_Icon: {fileID: 0}
  m_NavMeshLayer: 0
  m_StaticEditorFlags: 0
  m_IsActive: 0
--- !u!4 &1050248355
Transform:
  m_ObjectHideFlags: 0
  m_PrefabParentObject: {fileID: 0}
  m_PrefabInternal: {fileID: 0}
  m_GameObject: {fileID: 1050248354}
  m_LocalRotation: {x: 0, y: 0, z: 0, w: 1}
  m_LocalPosition: {x: -2.65, y: -1.5, z: 0}
  m_LocalScale: {x: 1, y: 1, z: 1}
  m_Children: []
  m_Father: {fileID: 1995071401}
  m_RootOrder: 2
  m_LocalEulerAnglesHint: {x: 0, y: 0, z: 0}
--- !u!114 &1050248356
MonoBehaviour:
  m_ObjectHideFlags: 0
  m_PrefabParentObject: {fileID: 0}
  m_PrefabInternal: {fileID: 0}
  m_GameObject: {fileID: 1050248354}
  m_Enabled: 1
  m_EditorHideFlags: 0
  m_Script: {fileID: 11500000, guid: 8933c9100e8e7af45b8f0b47840da1ae, type: 3}
  m_Name: 
  m_EditorClassIdentifier: 
  parentObject: {fileID: 1995071400}
  releaseAngle: 227
--- !u!61 &1050248357
BoxCollider2D:
  m_ObjectHideFlags: 0
  m_PrefabParentObject: {fileID: 0}
  m_PrefabInternal: {fileID: 0}
  m_GameObject: {fileID: 1050248354}
  m_Enabled: 1
  m_Density: 1
  m_Material: {fileID: 0}
  m_IsTrigger: 1
  m_UsedByEffector: 0
  m_UsedByComposite: 0
  m_Offset: {x: 0, y: 0}
  m_SpriteTilingProperty:
    border: {x: 0, y: 0, z: 0, w: 0}
    pivot: {x: 0, y: 0}
    oldSize: {x: 0, y: 0}
    newSize: {x: 0, y: 0}
    adaptiveTilingThreshold: 0
    drawMode: 0
    adaptiveTiling: 0
  m_AutoTiling: 0
  serializedVersion: 2
  m_Size: {x: 1, y: 1}
  m_EdgeRadius: 0
--- !u!1 &1060589531
GameObject:
  m_ObjectHideFlags: 0
  m_PrefabParentObject: {fileID: 0}
  m_PrefabInternal: {fileID: 0}
  serializedVersion: 5
  m_Component:
  - component: {fileID: 1060589533}
  - component: {fileID: 1060589532}
  m_Layer: 0
  m_Name: space-picture
  m_TagString: Untagged
  m_Icon: {fileID: 0}
  m_NavMeshLayer: 0
  m_StaticEditorFlags: 0
  m_IsActive: 1
--- !u!212 &1060589532
SpriteRenderer:
  m_ObjectHideFlags: 0
  m_PrefabParentObject: {fileID: 0}
  m_PrefabInternal: {fileID: 0}
  m_GameObject: {fileID: 1060589531}
  m_Enabled: 1
  m_CastShadows: 0
  m_ReceiveShadows: 0
  m_DynamicOccludee: 1
  m_MotionVectors: 1
  m_LightProbeUsage: 1
  m_ReflectionProbeUsage: 1
  m_Materials:
  - {fileID: 10754, guid: 0000000000000000f000000000000000, type: 0}
  m_StaticBatchInfo:
    firstSubMesh: 0
    subMeshCount: 0
  m_StaticBatchRoot: {fileID: 0}
  m_ProbeAnchor: {fileID: 0}
  m_LightProbeVolumeOverride: {fileID: 0}
  m_ScaleInLightmap: 1
  m_PreserveUVs: 0
  m_IgnoreNormalsForChartDetection: 0
  m_ImportantGI: 0
  m_StitchLightmapSeams: 0
  m_SelectedEditorRenderState: 0
  m_MinimumChartSize: 4
  m_AutoUVMaxDistance: 0.5
  m_AutoUVMaxAngle: 89
  m_LightmapParameters: {fileID: 0}
  m_SortingLayerID: 0
  m_SortingLayer: 0
  m_SortingOrder: -1
  m_Sprite: {fileID: 21300000, guid: 180cfb89132b8c04abe9e266177ee8a2, type: 3}
  m_Color: {r: 1, g: 1, b: 1, a: 1}
  m_FlipX: 0
  m_FlipY: 0
  m_DrawMode: 0
  m_Size: {x: 39.440002, y: 35.83}
  m_AdaptiveModeThreshold: 0.5
  m_SpriteTileMode: 0
  m_WasSpriteAssigned: 1
  m_MaskInteraction: 0
--- !u!4 &1060589533
Transform:
  m_ObjectHideFlags: 0
  m_PrefabParentObject: {fileID: 0}
  m_PrefabInternal: {fileID: 0}
  m_GameObject: {fileID: 1060589531}
  m_LocalRotation: {x: 0.7071068, y: -0, z: -0, w: 0.7071068}
  m_LocalPosition: {x: 0.5205056, y: 0, z: 0.25263178}
  m_LocalScale: {x: 0.123342566, y: 0.3508775, z: 1}
  m_Children: []
  m_Father: {fileID: 512432271}
  m_RootOrder: 0
  m_LocalEulerAnglesHint: {x: 0, y: 0, z: 0}
--- !u!1001 &1135087745
Prefab:
  m_ObjectHideFlags: 0
  serializedVersion: 2
  m_Modification:
    m_TransformParent: {fileID: 336377818}
    m_Modifications:
    - target: {fileID: 4551703857518032, guid: 5175c455ac6d8d3429f06fe44d570c49, type: 2}
      propertyPath: m_LocalPosition.x
      value: 2.53
      objectReference: {fileID: 0}
    - target: {fileID: 4551703857518032, guid: 5175c455ac6d8d3429f06fe44d570c49, type: 2}
      propertyPath: m_LocalPosition.y
      value: 2.18
      objectReference: {fileID: 0}
    - target: {fileID: 4551703857518032, guid: 5175c455ac6d8d3429f06fe44d570c49, type: 2}
      propertyPath: m_LocalPosition.z
      value: 0
      objectReference: {fileID: 0}
    - target: {fileID: 4551703857518032, guid: 5175c455ac6d8d3429f06fe44d570c49, type: 2}
      propertyPath: m_LocalRotation.x
      value: 0
      objectReference: {fileID: 0}
    - target: {fileID: 4551703857518032, guid: 5175c455ac6d8d3429f06fe44d570c49, type: 2}
      propertyPath: m_LocalRotation.y
      value: 0
      objectReference: {fileID: 0}
    - target: {fileID: 4551703857518032, guid: 5175c455ac6d8d3429f06fe44d570c49, type: 2}
      propertyPath: m_LocalRotation.z
      value: 0
      objectReference: {fileID: 0}
    - target: {fileID: 4551703857518032, guid: 5175c455ac6d8d3429f06fe44d570c49, type: 2}
      propertyPath: m_LocalRotation.w
      value: 1
      objectReference: {fileID: 0}
    - target: {fileID: 4551703857518032, guid: 5175c455ac6d8d3429f06fe44d570c49, type: 2}
      propertyPath: m_RootOrder
      value: 0
      objectReference: {fileID: 0}
    - target: {fileID: 114830524575537790, guid: 5175c455ac6d8d3429f06fe44d570c49,
        type: 2}
      propertyPath: ObjectToTrigger
      value: 
      objectReference: {fileID: 0}
    m_RemovedComponents: []
  m_ParentPrefab: {fileID: 100100000, guid: 5175c455ac6d8d3429f06fe44d570c49, type: 2}
  m_IsPrefabParent: 0
--- !u!1001 &1143568576
Prefab:
  m_ObjectHideFlags: 0
  serializedVersion: 2
  m_Modification:
    m_TransformParent: {fileID: 1948108243}
    m_Modifications:
    - target: {fileID: 4906715402886134, guid: 6c78dc65e0c75934198a0b7656f9028b, type: 2}
      propertyPath: m_LocalPosition.x
      value: -2.65
      objectReference: {fileID: 0}
    - target: {fileID: 4906715402886134, guid: 6c78dc65e0c75934198a0b7656f9028b, type: 2}
      propertyPath: m_LocalPosition.y
      value: -1.5
      objectReference: {fileID: 0}
    - target: {fileID: 4906715402886134, guid: 6c78dc65e0c75934198a0b7656f9028b, type: 2}
      propertyPath: m_LocalPosition.z
      value: 0
      objectReference: {fileID: 0}
    - target: {fileID: 4906715402886134, guid: 6c78dc65e0c75934198a0b7656f9028b, type: 2}
      propertyPath: m_LocalRotation.x
      value: 0
      objectReference: {fileID: 0}
    - target: {fileID: 4906715402886134, guid: 6c78dc65e0c75934198a0b7656f9028b, type: 2}
      propertyPath: m_LocalRotation.y
      value: 0
      objectReference: {fileID: 0}
    - target: {fileID: 4906715402886134, guid: 6c78dc65e0c75934198a0b7656f9028b, type: 2}
      propertyPath: m_LocalRotation.z
      value: 0
      objectReference: {fileID: 0}
    - target: {fileID: 4906715402886134, guid: 6c78dc65e0c75934198a0b7656f9028b, type: 2}
      propertyPath: m_LocalRotation.w
      value: 1
      objectReference: {fileID: 0}
    - target: {fileID: 4906715402886134, guid: 6c78dc65e0c75934198a0b7656f9028b, type: 2}
      propertyPath: m_RootOrder
      value: 2
      objectReference: {fileID: 0}
    - target: {fileID: 114003054051480558, guid: 6c78dc65e0c75934198a0b7656f9028b,
        type: 2}
      propertyPath: parentObject
      value: 
      objectReference: {fileID: 1948108242}
    m_RemovedComponents: []
  m_ParentPrefab: {fileID: 100100000, guid: 6c78dc65e0c75934198a0b7656f9028b, type: 2}
  m_IsPrefabParent: 0
--- !u!1001 &1375914958
Prefab:
  m_ObjectHideFlags: 0
  serializedVersion: 2
  m_Modification:
    m_TransformParent: {fileID: 1948108243}
    m_Modifications:
    - target: {fileID: 4366712158683462, guid: eec75a5399ccdcb4781e692289d62a09, type: 2}
      propertyPath: m_LocalPosition.x
      value: -1.24
      objectReference: {fileID: 0}
    - target: {fileID: 4366712158683462, guid: eec75a5399ccdcb4781e692289d62a09, type: 2}
      propertyPath: m_LocalPosition.y
      value: -2.88
      objectReference: {fileID: 0}
    - target: {fileID: 4366712158683462, guid: eec75a5399ccdcb4781e692289d62a09, type: 2}
      propertyPath: m_LocalPosition.z
      value: 0
      objectReference: {fileID: 0}
    - target: {fileID: 4366712158683462, guid: eec75a5399ccdcb4781e692289d62a09, type: 2}
      propertyPath: m_LocalRotation.x
      value: 0
      objectReference: {fileID: 0}
    - target: {fileID: 4366712158683462, guid: eec75a5399ccdcb4781e692289d62a09, type: 2}
      propertyPath: m_LocalRotation.y
      value: 0
      objectReference: {fileID: 0}
    - target: {fileID: 4366712158683462, guid: eec75a5399ccdcb4781e692289d62a09, type: 2}
      propertyPath: m_LocalRotation.z
      value: 0
      objectReference: {fileID: 0}
    - target: {fileID: 4366712158683462, guid: eec75a5399ccdcb4781e692289d62a09, type: 2}
      propertyPath: m_LocalRotation.w
      value: 1
      objectReference: {fileID: 0}
    - target: {fileID: 4366712158683462, guid: eec75a5399ccdcb4781e692289d62a09, type: 2}
      propertyPath: m_RootOrder
      value: 3
      objectReference: {fileID: 0}
    - target: {fileID: 114254818739373378, guid: eec75a5399ccdcb4781e692289d62a09,
        type: 2}
      propertyPath: gravitational_body
      value: 
      objectReference: {fileID: 1948108242}
    m_RemovedComponents: []
  m_ParentPrefab: {fileID: 100100000, guid: eec75a5399ccdcb4781e692289d62a09, type: 2}
  m_IsPrefabParent: 0
--- !u!1 &1383455886
GameObject:
  m_ObjectHideFlags: 0
  m_PrefabParentObject: {fileID: 1121341155507062, guid: 448e285041b53244fba55fa93a600269,
    type: 2}
  m_PrefabInternal: {fileID: 0}
  serializedVersion: 5
  m_Component:
  - component: {fileID: 1383455887}
  - component: {fileID: 1383455890}
  - component: {fileID: 1383455889}
  - component: {fileID: 1383455888}
  m_Layer: 0
  m_Name: Gravity_Field
  m_TagString: gravity_field
  m_Icon: {fileID: 0}
  m_NavMeshLayer: 0
  m_StaticEditorFlags: 0
  m_IsActive: 1
--- !u!4 &1383455887
Transform:
  m_ObjectHideFlags: 0
  m_PrefabParentObject: {fileID: 4095708436314900, guid: 448e285041b53244fba55fa93a600269,
    type: 2}
  m_PrefabInternal: {fileID: 0}
  m_GameObject: {fileID: 1383455886}
  m_LocalRotation: {x: -0, y: -0, z: -0, w: 1}
  m_LocalPosition: {x: 0, y: 0, z: 0}
  m_LocalScale: {x: 7, y: 7, z: 0.16412109}
  m_Children: []
  m_Father: {fileID: 2131173863}
  m_RootOrder: 1
  m_LocalEulerAnglesHint: {x: 0, y: 0, z: 0}
--- !u!114 &1383455888
MonoBehaviour:
  m_ObjectHideFlags: 0
  m_PrefabParentObject: {fileID: 114436233685165668, guid: 448e285041b53244fba55fa93a600269,
    type: 2}
  m_PrefabInternal: {fileID: 0}
  m_GameObject: {fileID: 1383455886}
  m_Enabled: 1
  m_EditorHideFlags: 0
  m_Script: {fileID: 11500000, guid: da2d0f68964977e49b0a770f14b22ef2, type: 3}
  m_Name: 
  m_EditorClassIdentifier: 
  gf: {fileID: 2131173864}
--- !u!58 &1383455889
CircleCollider2D:
  m_ObjectHideFlags: 0
  m_PrefabParentObject: {fileID: 58810947210637052, guid: 448e285041b53244fba55fa93a600269,
    type: 2}
  m_PrefabInternal: {fileID: 0}
  m_GameObject: {fileID: 1383455886}
  m_Enabled: 1
  m_Density: 1
  m_Material: {fileID: 0}
  m_IsTrigger: 1
  m_UsedByEffector: 0
  m_UsedByComposite: 0
  m_Offset: {x: 0, y: 0}
  serializedVersion: 2
  m_Radius: 0.5
--- !u!212 &1383455890
SpriteRenderer:
  m_ObjectHideFlags: 0
  m_PrefabParentObject: {fileID: 212983330773143558, guid: 448e285041b53244fba55fa93a600269,
    type: 2}
  m_PrefabInternal: {fileID: 0}
  m_GameObject: {fileID: 1383455886}
  m_Enabled: 1
  m_CastShadows: 0
  m_ReceiveShadows: 0
  m_DynamicOccludee: 1
  m_MotionVectors: 1
  m_LightProbeUsage: 1
  m_ReflectionProbeUsage: 1
  m_Materials:
  - {fileID: 10754, guid: 0000000000000000f000000000000000, type: 0}
  m_StaticBatchInfo:
    firstSubMesh: 0
    subMeshCount: 0
  m_StaticBatchRoot: {fileID: 0}
  m_ProbeAnchor: {fileID: 0}
  m_LightProbeVolumeOverride: {fileID: 0}
  m_ScaleInLightmap: 1
  m_PreserveUVs: 0
  m_IgnoreNormalsForChartDetection: 0
  m_ImportantGI: 0
  m_StitchLightmapSeams: 0
  m_SelectedEditorRenderState: 0
  m_MinimumChartSize: 4
  m_AutoUVMaxDistance: 0.5
  m_AutoUVMaxAngle: 89
  m_LightmapParameters: {fileID: 0}
  m_SortingLayerID: 0
  m_SortingLayer: 0
  m_SortingOrder: -1
  m_Sprite: {fileID: 21300000, guid: aa761e717078182409872da83f72c490, type: 3}
  m_Color: {r: 0.39608565, g: 0.46703404, b: 0.72794116, a: 0.528}
  m_FlipX: 0
  m_FlipY: 0
  m_DrawMode: 0
  m_Size: {x: 1, y: 1}
  m_AdaptiveModeThreshold: 0.5
  m_SpriteTileMode: 0
  m_WasSpriteAssigned: 1
  m_MaskInteraction: 0
--- !u!1001 &1580209894
Prefab:
  m_ObjectHideFlags: 0
  serializedVersion: 2
  m_Modification:
    m_TransformParent: {fileID: 0}
    m_Modifications:
    - target: {fileID: 4076789155396856, guid: 98fe6725595a2154792dd815f654243c, type: 2}
      propertyPath: m_LocalPosition.x
      value: 0
      objectReference: {fileID: 0}
    - target: {fileID: 4076789155396856, guid: 98fe6725595a2154792dd815f654243c, type: 2}
      propertyPath: m_LocalPosition.y
      value: 0
      objectReference: {fileID: 0}
    - target: {fileID: 4076789155396856, guid: 98fe6725595a2154792dd815f654243c, type: 2}
      propertyPath: m_LocalPosition.z
      value: -0.5
      objectReference: {fileID: 0}
    - target: {fileID: 4076789155396856, guid: 98fe6725595a2154792dd815f654243c, type: 2}
      propertyPath: m_LocalRotation.x
      value: 0
      objectReference: {fileID: 0}
    - target: {fileID: 4076789155396856, guid: 98fe6725595a2154792dd815f654243c, type: 2}
      propertyPath: m_LocalRotation.y
      value: 0
      objectReference: {fileID: 0}
    - target: {fileID: 4076789155396856, guid: 98fe6725595a2154792dd815f654243c, type: 2}
      propertyPath: m_LocalRotation.z
      value: 0
      objectReference: {fileID: 0}
    - target: {fileID: 4076789155396856, guid: 98fe6725595a2154792dd815f654243c, type: 2}
      propertyPath: m_LocalRotation.w
      value: 1
      objectReference: {fileID: 0}
    - target: {fileID: 4076789155396856, guid: 98fe6725595a2154792dd815f654243c, type: 2}
      propertyPath: m_RootOrder
      value: 2
      objectReference: {fileID: 0}
    - target: {fileID: 114600751465869700, guid: 98fe6725595a2154792dd815f654243c,
        type: 2}
      propertyPath: starCount
      value: 200
      objectReference: {fileID: 0}
    - target: {fileID: 114600751465869700, guid: 98fe6725595a2154792dd815f654243c,
        type: 2}
      propertyPath: fieldWidth
      value: 40
      objectReference: {fileID: 0}
    - target: {fileID: 114600751465869700, guid: 98fe6725595a2154792dd815f654243c,
        type: 2}
      propertyPath: fieldHeight
      value: 20
      objectReference: {fileID: 0}
    - target: {fileID: 114600751465869700, guid: 98fe6725595a2154792dd815f654243c,
        type: 2}
      propertyPath: z_offset
      value: -0.25
      objectReference: {fileID: 0}
    m_RemovedComponents: []
  m_ParentPrefab: {fileID: 100100000, guid: 98fe6725595a2154792dd815f654243c, type: 2}
  m_IsPrefabParent: 0
--- !u!1 &1699991462
GameObject:
  m_ObjectHideFlags: 0
  m_PrefabParentObject: {fileID: 1121341155507062, guid: 448e285041b53244fba55fa93a600269,
    type: 2}
  m_PrefabInternal: {fileID: 0}
  serializedVersion: 5
  m_Component:
  - component: {fileID: 1699991463}
  - component: {fileID: 1699991466}
  - component: {fileID: 1699991465}
  - component: {fileID: 1699991464}
  m_Layer: 0
  m_Name: Gravity_Field
  m_TagString: gravity_field
  m_Icon: {fileID: 0}
  m_NavMeshLayer: 0
  m_StaticEditorFlags: 0
  m_IsActive: 1
--- !u!4 &1699991463
Transform:
  m_ObjectHideFlags: 0
  m_PrefabParentObject: {fileID: 4095708436314900, guid: 448e285041b53244fba55fa93a600269,
    type: 2}
  m_PrefabInternal: {fileID: 0}
  m_GameObject: {fileID: 1699991462}
  m_LocalRotation: {x: -0, y: -0, z: -0, w: 1}
  m_LocalPosition: {x: 0, y: 0, z: 0}
  m_LocalScale: {x: 7, y: 7, z: 0.16412109}
  m_Children: []
  m_Father: {fileID: 1995071401}
  m_RootOrder: 1
  m_LocalEulerAnglesHint: {x: 0, y: 0, z: 0}
--- !u!114 &1699991464
MonoBehaviour:
  m_ObjectHideFlags: 0
  m_PrefabParentObject: {fileID: 114436233685165668, guid: 448e285041b53244fba55fa93a600269,
    type: 2}
  m_PrefabInternal: {fileID: 0}
  m_GameObject: {fileID: 1699991462}
  m_Enabled: 1
  m_EditorHideFlags: 0
  m_Script: {fileID: 11500000, guid: da2d0f68964977e49b0a770f14b22ef2, type: 3}
  m_Name: 
  m_EditorClassIdentifier: 
  gf: {fileID: 1995071402}
--- !u!58 &1699991465
CircleCollider2D:
  m_ObjectHideFlags: 0
  m_PrefabParentObject: {fileID: 58810947210637052, guid: 448e285041b53244fba55fa93a600269,
    type: 2}
  m_PrefabInternal: {fileID: 0}
  m_GameObject: {fileID: 1699991462}
  m_Enabled: 1
  m_Density: 1
  m_Material: {fileID: 0}
  m_IsTrigger: 1
  m_UsedByEffector: 0
  m_UsedByComposite: 0
  m_Offset: {x: 0, y: 0}
  serializedVersion: 2
  m_Radius: 0.5
--- !u!212 &1699991466
SpriteRenderer:
  m_ObjectHideFlags: 0
  m_PrefabParentObject: {fileID: 212983330773143558, guid: 448e285041b53244fba55fa93a600269,
    type: 2}
  m_PrefabInternal: {fileID: 0}
  m_GameObject: {fileID: 1699991462}
  m_Enabled: 1
  m_CastShadows: 0
  m_ReceiveShadows: 0
  m_DynamicOccludee: 1
  m_MotionVectors: 1
  m_LightProbeUsage: 1
  m_ReflectionProbeUsage: 1
  m_Materials:
  - {fileID: 10754, guid: 0000000000000000f000000000000000, type: 0}
  m_StaticBatchInfo:
    firstSubMesh: 0
    subMeshCount: 0
  m_StaticBatchRoot: {fileID: 0}
  m_ProbeAnchor: {fileID: 0}
  m_LightProbeVolumeOverride: {fileID: 0}
  m_ScaleInLightmap: 1
  m_PreserveUVs: 0
  m_IgnoreNormalsForChartDetection: 0
  m_ImportantGI: 0
  m_StitchLightmapSeams: 0
  m_SelectedEditorRenderState: 0
  m_MinimumChartSize: 4
  m_AutoUVMaxDistance: 0.5
  m_AutoUVMaxAngle: 89
  m_LightmapParameters: {fileID: 0}
  m_SortingLayerID: 0
  m_SortingLayer: 0
  m_SortingOrder: -1
  m_Sprite: {fileID: 21300000, guid: aa761e717078182409872da83f72c490, type: 3}
  m_Color: {r: 0.39608565, g: 0.46703404, b: 0.72794116, a: 0.528}
  m_FlipX: 0
  m_FlipY: 0
  m_DrawMode: 0
  m_Size: {x: 1, y: 1}
  m_AdaptiveModeThreshold: 0.5
  m_SpriteTileMode: 0
  m_WasSpriteAssigned: 1
  m_MaskInteraction: 0
--- !u!1 &1751074799 stripped
GameObject:
  m_PrefabParentObject: {fileID: 1965640188826218, guid: eec75a5399ccdcb4781e692289d62a09,
    type: 2}
  m_PrefabInternal: {fileID: 781104325}
--- !u!4 &1751074800 stripped
Transform:
  m_PrefabParentObject: {fileID: 4366712158683462, guid: eec75a5399ccdcb4781e692289d62a09,
    type: 2}
  m_PrefabInternal: {fileID: 781104325}
--- !u!114 &1751074801
MonoBehaviour:
  m_ObjectHideFlags: 0
  m_PrefabParentObject: {fileID: 0}
  m_PrefabInternal: {fileID: 0}
  m_GameObject: {fileID: 1751074799}
  m_Enabled: 1
  m_EditorHideFlags: 0
  m_Script: {fileID: 11500000, guid: 59cdc5d57974849409862ab1953a7c7b, type: 3}
  m_Name: 
  m_EditorClassIdentifier: 
  explosion: {fileID: 1618097045044518, guid: 965ea965d5c1d3140b70b05fb4aae4c1, type: 2}
  effectedBy: ball
--- !u!4 &1754960140 stripped
Transform:
  m_PrefabParentObject: {fileID: 4721113305862616, guid: a773983a04817c64283ccfa797add387,
    type: 2}
  m_PrefabInternal: {fileID: 779194857}
--- !u!1 &1783451328
GameObject:
  m_ObjectHideFlags: 0
  m_PrefabParentObject: {fileID: 0}
  m_PrefabInternal: {fileID: 0}
  serializedVersion: 5
  m_Component:
  - component: {fileID: 1783451329}
  - component: {fileID: 1783451331}
  - component: {fileID: 1783451330}
  m_Layer: 0
  m_Name: Orbital Region
  m_TagString: Untagged
  m_Icon: {fileID: 0}
  m_NavMeshLayer: 0
  m_StaticEditorFlags: 0
  m_IsActive: 0
--- !u!4 &1783451329
Transform:
  m_ObjectHideFlags: 0
  m_PrefabParentObject: {fileID: 0}
  m_PrefabInternal: {fileID: 0}
  m_GameObject: {fileID: 1783451328}
  m_LocalRotation: {x: 0, y: 0, z: 0, w: 1}
  m_LocalPosition: {x: -2.65, y: -1.5, z: 0}
  m_LocalScale: {x: 1, y: 1, z: 1}
  m_Children: []
  m_Father: {fileID: 2131173863}
  m_RootOrder: 2
  m_LocalEulerAnglesHint: {x: 0, y: 0, z: 0}
--- !u!114 &1783451330
MonoBehaviour:
  m_ObjectHideFlags: 0
  m_PrefabParentObject: {fileID: 0}
  m_PrefabInternal: {fileID: 0}
  m_GameObject: {fileID: 1783451328}
  m_Enabled: 1
  m_EditorHideFlags: 0
  m_Script: {fileID: 11500000, guid: 8933c9100e8e7af45b8f0b47840da1ae, type: 3}
  m_Name: 
  m_EditorClassIdentifier: 
  parentObject: {fileID: 2131173862}
  releaseAngle: 227
--- !u!61 &1783451331
BoxCollider2D:
  m_ObjectHideFlags: 0
  m_PrefabParentObject: {fileID: 0}
  m_PrefabInternal: {fileID: 0}
  m_GameObject: {fileID: 1783451328}
  m_Enabled: 1
  m_Density: 1
  m_Material: {fileID: 0}
  m_IsTrigger: 1
  m_UsedByEffector: 0
  m_UsedByComposite: 0
  m_Offset: {x: 0, y: 0}
  m_SpriteTilingProperty:
    border: {x: 0, y: 0, z: 0, w: 0}
    pivot: {x: 0, y: 0}
    oldSize: {x: 0, y: 0}
    newSize: {x: 0, y: 0}
    adaptiveTilingThreshold: 0
    drawMode: 0
    adaptiveTiling: 0
  m_AutoTiling: 0
  serializedVersion: 2
  m_Size: {x: 1, y: 1}
  m_EdgeRadius: 0
--- !u!1 &1805418191
GameObject:
  m_ObjectHideFlags: 0
  m_PrefabParentObject: {fileID: 0}
  m_PrefabInternal: {fileID: 0}
  serializedVersion: 5
  m_Component:
  - component: {fileID: 1805418192}
  - component: {fileID: 1805418193}
  m_Layer: 0
  m_Name: AngleChanger
  m_TagString: Untagged
  m_Icon: {fileID: 0}
  m_NavMeshLayer: 0
  m_StaticEditorFlags: 0
  m_IsActive: 1
--- !u!4 &1805418192
Transform:
  m_ObjectHideFlags: 0
  m_PrefabParentObject: {fileID: 0}
  m_PrefabInternal: {fileID: 0}
  m_GameObject: {fileID: 1805418191}
  m_LocalRotation: {x: 0, y: 0, z: 0, w: 1}
  m_LocalPosition: {x: 0, y: 0, z: 0}
  m_LocalScale: {x: 1, y: 1, z: 1}
  m_Children: []
  m_Father: {fileID: 832954885}
  m_RootOrder: 2
  m_LocalEulerAnglesHint: {x: 0, y: 0, z: 0}
--- !u!114 &1805418193
MonoBehaviour:
  m_ObjectHideFlags: 0
  m_PrefabParentObject: {fileID: 0}
  m_PrefabInternal: {fileID: 0}
  m_GameObject: {fileID: 1805418191}
  m_Enabled: 1
  m_EditorHideFlags: 0
  m_Script: {fileID: 11500000, guid: c580e278329e88545b55685b97208c07, type: 3}
  m_Name: 
  m_EditorClassIdentifier: 
  pivotPoint: {fileID: 832954885}
  angleChange: 10
  mode: 1
--- !u!1 &1874829465
GameObject:
  m_ObjectHideFlags: 0
  m_PrefabParentObject: {fileID: 1366941044706008, guid: 448e285041b53244fba55fa93a600269,
    type: 2}
  m_PrefabInternal: {fileID: 0}
  serializedVersion: 5
  m_Component:
  - component: {fileID: 1874829466}
  - component: {fileID: 1874829467}
  m_Layer: 0
  m_Name: GroundField
  m_TagString: ground
  m_Icon: {fileID: 0}
  m_NavMeshLayer: 0
  m_StaticEditorFlags: 0
  m_IsActive: 0
--- !u!4 &1874829466
Transform:
  m_ObjectHideFlags: 0
  m_PrefabParentObject: {fileID: 4727094295794186, guid: 448e285041b53244fba55fa93a600269,
    type: 2}
  m_PrefabInternal: {fileID: 0}
  m_GameObject: {fileID: 1874829465}
  m_LocalRotation: {x: 0, y: 0, z: 0, w: 1}
  m_LocalPosition: {x: 0, y: 0, z: 0}
  m_LocalScale: {x: 1, y: 1, z: 1}
  m_Children: []
  m_Father: {fileID: 1948108243}
  m_RootOrder: 0
  m_LocalEulerAnglesHint: {x: 0, y: 0, z: 0}
--- !u!58 &1874829467
CircleCollider2D:
  m_ObjectHideFlags: 0
  m_PrefabParentObject: {fileID: 58301999712719828, guid: 448e285041b53244fba55fa93a600269,
    type: 2}
  m_PrefabInternal: {fileID: 0}
  m_GameObject: {fileID: 1874829465}
  m_Enabled: 1
  m_Density: 1
  m_Material: {fileID: 0}
  m_IsTrigger: 1
  m_UsedByEffector: 0
  m_UsedByComposite: 0
  m_Offset: {x: 0, y: 0}
  serializedVersion: 2
  m_Radius: 0.55
--- !u!1 &1905189355 stripped
GameObject:
  m_PrefabParentObject: {fileID: 1444785220930712, guid: 21ed71ca4f48194489793f4d15fe4412,
    type: 2}
  m_PrefabInternal: {fileID: 2064574593}
--- !u!4 &1905189356 stripped
Transform:
  m_PrefabParentObject: {fileID: 4552296966494122, guid: 21ed71ca4f48194489793f4d15fe4412,
    type: 2}
  m_PrefabInternal: {fileID: 2064574593}
--- !u!95 &1905189358
Animator:
  serializedVersion: 3
  m_ObjectHideFlags: 0
  m_PrefabParentObject: {fileID: 0}
  m_PrefabInternal: {fileID: 0}
  m_GameObject: {fileID: 1905189355}
  m_Enabled: 1
  m_Avatar: {fileID: 0}
  m_Controller: {fileID: 9100000, guid: 4b89808dbbe267246b7553fb3883a088, type: 2}
  m_CullingMode: 0
  m_UpdateMode: 0
  m_ApplyRootMotion: 0
  m_LinearVelocityBlending: 0
  m_WarningMessage: 
  m_HasTransformHierarchy: 1
  m_AllowConstantClipSamplingOptimization: 1
--- !u!4 &1924361093 stripped
Transform:
  m_PrefabParentObject: {fileID: 4366712158683462, guid: eec75a5399ccdcb4781e692289d62a09,
    type: 2}
  m_PrefabInternal: {fileID: 1375914958}
--- !u!1 &1942062591
GameObject:
  m_ObjectHideFlags: 0
  m_PrefabParentObject: {fileID: 1366941044706008, guid: 448e285041b53244fba55fa93a600269,
    type: 2}
  m_PrefabInternal: {fileID: 0}
  serializedVersion: 5
  m_Component:
  - component: {fileID: 1942062592}
  - component: {fileID: 1942062593}
  m_Layer: 0
  m_Name: GroundField
  m_TagString: ground
  m_Icon: {fileID: 0}
  m_NavMeshLayer: 0
  m_StaticEditorFlags: 0
  m_IsActive: 0
--- !u!4 &1942062592
Transform:
  m_ObjectHideFlags: 0
  m_PrefabParentObject: {fileID: 4727094295794186, guid: 448e285041b53244fba55fa93a600269,
    type: 2}
  m_PrefabInternal: {fileID: 0}
  m_GameObject: {fileID: 1942062591}
  m_LocalRotation: {x: 0, y: 0, z: 0, w: 1}
  m_LocalPosition: {x: 0, y: 0, z: 0}
  m_LocalScale: {x: 1, y: 1, z: 1}
  m_Children: []
  m_Father: {fileID: 2131173863}
  m_RootOrder: 0
  m_LocalEulerAnglesHint: {x: 0, y: 0, z: 0}
--- !u!58 &1942062593
CircleCollider2D:
  m_ObjectHideFlags: 0
  m_PrefabParentObject: {fileID: 58301999712719828, guid: 448e285041b53244fba55fa93a600269,
    type: 2}
  m_PrefabInternal: {fileID: 0}
  m_GameObject: {fileID: 1942062591}
  m_Enabled: 1
  m_Density: 1
  m_Material: {fileID: 0}
  m_IsTrigger: 1
  m_UsedByEffector: 0
  m_UsedByComposite: 0
  m_Offset: {x: 0, y: 0}
  serializedVersion: 2
  m_Radius: 0.55
--- !u!1 &1948108242
GameObject:
  m_ObjectHideFlags: 0
  m_PrefabParentObject: {fileID: 1928641757528180, guid: 448e285041b53244fba55fa93a600269,
    type: 2}
  m_PrefabInternal: {fileID: 0}
  serializedVersion: 5
  m_Component:
  - component: {fileID: 1948108243}
  - component: {fileID: 1948108247}
  - component: {fileID: 1948108246}
  - component: {fileID: 1948108245}
  - component: {fileID: 1948108244}
  m_Layer: 0
  m_Name: Planet (2)
  m_TagString: planet
  m_Icon: {fileID: 0}
  m_NavMeshLayer: 0
  m_StaticEditorFlags: 0
  m_IsActive: 1
--- !u!4 &1948108243
Transform:
  m_ObjectHideFlags: 0
  m_PrefabParentObject: {fileID: 4417474711861706, guid: 448e285041b53244fba55fa93a600269,
    type: 2}
  m_PrefabInternal: {fileID: 0}
  m_GameObject: {fileID: 1948108242}
  m_LocalRotation: {x: -0, y: -0, z: -0, w: 1}
  m_LocalPosition: {x: 5.33, y: -3.48, z: -0.5}
  m_LocalScale: {x: 1.25, y: 1.25, z: 6.09306}
  m_Children:
  - {fileID: 1874829466}
  - {fileID: 953024973}
  - {fileID: 2095669769}
  - {fileID: 1924361093}
  - {fileID: 79345839}
  - {fileID: 1751074800}
  m_Father: {fileID: 336377818}
  m_RootOrder: 1
  m_LocalEulerAnglesHint: {x: 0, y: 0, z: 0}
--- !u!114 &1948108244
MonoBehaviour:
  m_ObjectHideFlags: 0
  m_PrefabParentObject: {fileID: 114969807531499336, guid: 448e285041b53244fba55fa93a600269,
    type: 2}
  m_PrefabInternal: {fileID: 0}
  m_GameObject: {fileID: 1948108242}
  m_Enabled: 1
  m_EditorHideFlags: 0
  m_Script: {fileID: 11500000, guid: fc081222843dfbc46ab3f8edd22ae488, type: 3}
  m_Name: 
  m_EditorClassIdentifier: 
  gravity_acceleration: 25
--- !u!114 &1948108245
MonoBehaviour:
  m_ObjectHideFlags: 0
  m_PrefabParentObject: {fileID: 114927523861956234, guid: 448e285041b53244fba55fa93a600269,
    type: 2}
  m_PrefabInternal: {fileID: 0}
  m_GameObject: {fileID: 1948108242}
  m_Enabled: 1
  m_EditorHideFlags: 0
  m_Script: {fileID: 0}
  m_Name: 
  m_EditorClassIdentifier: 
--- !u!212 &1948108246
SpriteRenderer:
  m_ObjectHideFlags: 0
  m_PrefabParentObject: {fileID: 212022949929097758, guid: 448e285041b53244fba55fa93a600269,
    type: 2}
  m_PrefabInternal: {fileID: 0}
  m_GameObject: {fileID: 1948108242}
  m_Enabled: 1
  m_CastShadows: 0
  m_ReceiveShadows: 0
  m_DynamicOccludee: 1
  m_MotionVectors: 1
  m_LightProbeUsage: 1
  m_ReflectionProbeUsage: 1
  m_Materials:
  - {fileID: 10754, guid: 0000000000000000f000000000000000, type: 0}
  m_StaticBatchInfo:
    firstSubMesh: 0
    subMeshCount: 0
  m_StaticBatchRoot: {fileID: 0}
  m_ProbeAnchor: {fileID: 0}
  m_LightProbeVolumeOverride: {fileID: 0}
  m_ScaleInLightmap: 1
  m_PreserveUVs: 0
  m_IgnoreNormalsForChartDetection: 0
  m_ImportantGI: 0
  m_StitchLightmapSeams: 0
  m_SelectedEditorRenderState: 0
  m_MinimumChartSize: 4
  m_AutoUVMaxDistance: 0.5
  m_AutoUVMaxAngle: 89
  m_LightmapParameters: {fileID: 0}
  m_SortingLayerID: 0
  m_SortingLayer: 0
  m_SortingOrder: 0
  m_Sprite: {fileID: 21300020, guid: 1ea05ceaa885d0c4bb62b2651aeaeef9, type: 3}
  m_Color: {r: 1, g: 1, b: 1, a: 1}
  m_FlipX: 0
  m_FlipY: 0
  m_DrawMode: 0
  m_Size: {x: 5.12, y: 5.12}
  m_AdaptiveModeThreshold: 0.5
  m_SpriteTileMode: 0
  m_WasSpriteAssigned: 1
  m_MaskInteraction: 0
--- !u!58 &1948108247
CircleCollider2D:
  m_ObjectHideFlags: 0
  m_PrefabParentObject: {fileID: 58087539310761866, guid: 448e285041b53244fba55fa93a600269,
    type: 2}
  m_PrefabInternal: {fileID: 0}
  m_GameObject: {fileID: 1948108242}
  m_Enabled: 1
  m_Density: 1
  m_Material: {fileID: 6200000, guid: 9e689614f67d99b43bbc4b122cac7131, type: 2}
  m_IsTrigger: 0
  m_UsedByEffector: 0
  m_UsedByComposite: 0
  m_Offset: {x: -0.0013530732, y: -0.04447174}
  serializedVersion: 2
  m_Radius: 2.4455903
--- !u!1 &1995071400
GameObject:
  m_ObjectHideFlags: 0
  m_PrefabParentObject: {fileID: 1928641757528180, guid: 448e285041b53244fba55fa93a600269,
    type: 2}
  m_PrefabInternal: {fileID: 0}
  serializedVersion: 5
  m_Component:
  - component: {fileID: 1995071401}
  - component: {fileID: 1995071405}
  - component: {fileID: 1995071404}
  - component: {fileID: 1995071403}
  - component: {fileID: 1995071402}
  m_Layer: 0
  m_Name: Planet (4)
  m_TagString: planet
  m_Icon: {fileID: 0}
  m_NavMeshLayer: 0
  m_StaticEditorFlags: 0
  m_IsActive: 1
--- !u!4 &1995071401
Transform:
  m_ObjectHideFlags: 0
  m_PrefabParentObject: {fileID: 4417474711861706, guid: 448e285041b53244fba55fa93a600269,
    type: 2}
  m_PrefabInternal: {fileID: 0}
  m_GameObject: {fileID: 1995071400}
  m_LocalRotation: {x: -0, y: -0, z: -0, w: 1}
  m_LocalPosition: {x: -3.63, y: -9.13, z: -0.5}
  m_LocalScale: {x: 1, y: 1, z: 6.09306}
  m_Children:
  - {fileID: 757110067}
  - {fileID: 1699991463}
  - {fileID: 1050248355}
  - {fileID: 890660950}
  - {fileID: 2000941492}
  - {fileID: 934655770}
  m_Father: {fileID: 336377818}
  m_RootOrder: 4
  m_LocalEulerAnglesHint: {x: 0, y: 0, z: 0}
--- !u!114 &1995071402
MonoBehaviour:
  m_ObjectHideFlags: 0
  m_PrefabParentObject: {fileID: 114969807531499336, guid: 448e285041b53244fba55fa93a600269,
    type: 2}
  m_PrefabInternal: {fileID: 0}
  m_GameObject: {fileID: 1995071400}
  m_Enabled: 1
  m_EditorHideFlags: 0
  m_Script: {fileID: 11500000, guid: fc081222843dfbc46ab3f8edd22ae488, type: 3}
  m_Name: 
  m_EditorClassIdentifier: 
  gravity_acceleration: 30
--- !u!114 &1995071403
MonoBehaviour:
  m_ObjectHideFlags: 0
  m_PrefabParentObject: {fileID: 114927523861956234, guid: 448e285041b53244fba55fa93a600269,
    type: 2}
  m_PrefabInternal: {fileID: 0}
  m_GameObject: {fileID: 1995071400}
  m_Enabled: 1
  m_EditorHideFlags: 0
  m_Script: {fileID: 0}
  m_Name: 
  m_EditorClassIdentifier: 
--- !u!212 &1995071404
SpriteRenderer:
  m_ObjectHideFlags: 0
  m_PrefabParentObject: {fileID: 212022949929097758, guid: 448e285041b53244fba55fa93a600269,
    type: 2}
  m_PrefabInternal: {fileID: 0}
  m_GameObject: {fileID: 1995071400}
  m_Enabled: 1
  m_CastShadows: 0
  m_ReceiveShadows: 0
  m_DynamicOccludee: 1
  m_MotionVectors: 1
  m_LightProbeUsage: 1
  m_ReflectionProbeUsage: 1
  m_Materials:
  - {fileID: 10754, guid: 0000000000000000f000000000000000, type: 0}
  m_StaticBatchInfo:
    firstSubMesh: 0
    subMeshCount: 0
  m_StaticBatchRoot: {fileID: 0}
  m_ProbeAnchor: {fileID: 0}
  m_LightProbeVolumeOverride: {fileID: 0}
  m_ScaleInLightmap: 1
  m_PreserveUVs: 0
  m_IgnoreNormalsForChartDetection: 0
  m_ImportantGI: 0
  m_StitchLightmapSeams: 0
  m_SelectedEditorRenderState: 0
  m_MinimumChartSize: 4
  m_AutoUVMaxDistance: 0.5
  m_AutoUVMaxAngle: 89
  m_LightmapParameters: {fileID: 0}
  m_SortingLayerID: 0
  m_SortingLayer: 0
  m_SortingOrder: 0
  m_Sprite: {fileID: 21300030, guid: 1ea05ceaa885d0c4bb62b2651aeaeef9, type: 3}
  m_Color: {r: 1, g: 1, b: 1, a: 1}
  m_FlipX: 0
  m_FlipY: 0
  m_DrawMode: 0
  m_Size: {x: 5.12, y: 5.12}
  m_AdaptiveModeThreshold: 0.5
  m_SpriteTileMode: 0
  m_WasSpriteAssigned: 1
  m_MaskInteraction: 0
--- !u!58 &1995071405
CircleCollider2D:
  m_ObjectHideFlags: 0
  m_PrefabParentObject: {fileID: 58087539310761866, guid: 448e285041b53244fba55fa93a600269,
    type: 2}
  m_PrefabInternal: {fileID: 0}
  m_GameObject: {fileID: 1995071400}
  m_Enabled: 1
  m_Density: 1
  m_Material: {fileID: 6200000, guid: 9e689614f67d99b43bbc4b122cac7131, type: 2}
  m_IsTrigger: 0
  m_UsedByEffector: 0
  m_UsedByComposite: 0
  m_Offset: {x: -0.0013530732, y: -0.04447174}
  serializedVersion: 2
  m_Radius: 2.4455903
--- !u!4 &2000941492 stripped
Transform:
  m_PrefabParentObject: {fileID: 4920690045147746, guid: c0697890a46623543912f82bba3940cc,
    type: 2}
  m_PrefabInternal: {fileID: 1010569816}
--- !u!1001 &2050103528
Prefab:
  m_ObjectHideFlags: 0
  serializedVersion: 2
  m_Modification:
    m_TransformParent: {fileID: 0}
    m_Modifications:
    - target: {fileID: 4527851024642572, guid: a2ab2879feee18a45a93b0dcaebb2528, type: 2}
      propertyPath: m_LocalPosition.x
      value: 0
      objectReference: {fileID: 0}
    - target: {fileID: 4527851024642572, guid: a2ab2879feee18a45a93b0dcaebb2528, type: 2}
      propertyPath: m_LocalPosition.y
      value: 0
      objectReference: {fileID: 0}
    - target: {fileID: 4527851024642572, guid: a2ab2879feee18a45a93b0dcaebb2528, type: 2}
      propertyPath: m_LocalPosition.z
      value: -10
      objectReference: {fileID: 0}
    - target: {fileID: 4527851024642572, guid: a2ab2879feee18a45a93b0dcaebb2528, type: 2}
      propertyPath: m_LocalRotation.x
      value: -0
      objectReference: {fileID: 0}
    - target: {fileID: 4527851024642572, guid: a2ab2879feee18a45a93b0dcaebb2528, type: 2}
      propertyPath: m_LocalRotation.y
      value: -0
      objectReference: {fileID: 0}
    - target: {fileID: 4527851024642572, guid: a2ab2879feee18a45a93b0dcaebb2528, type: 2}
      propertyPath: m_LocalRotation.z
      value: -0
      objectReference: {fileID: 0}
    - target: {fileID: 4527851024642572, guid: a2ab2879feee18a45a93b0dcaebb2528, type: 2}
      propertyPath: m_LocalRotation.w
      value: 1
      objectReference: {fileID: 0}
    - target: {fileID: 4527851024642572, guid: a2ab2879feee18a45a93b0dcaebb2528, type: 2}
      propertyPath: m_RootOrder
      value: 0
      objectReference: {fileID: 0}
    - target: {fileID: 114045129333011976, guid: a2ab2879feee18a45a93b0dcaebb2528,
        type: 2}
      propertyPath: followTransform
      value: 
      objectReference: {fileID: 1948108243}
    m_RemovedComponents: []
  m_ParentPrefab: {fileID: 100100000, guid: a2ab2879feee18a45a93b0dcaebb2528, type: 2}
  m_IsPrefabParent: 0
--- !u!20 &2050103529 stripped
Camera:
  m_PrefabParentObject: {fileID: 20513260154739556, guid: a2ab2879feee18a45a93b0dcaebb2528,
    type: 2}
  m_PrefabInternal: {fileID: 2050103528}
--- !u!1001 &2064574593
Prefab:
  m_ObjectHideFlags: 0
  serializedVersion: 2
  m_Modification:
    m_TransformParent: {fileID: 2131173863}
    m_Modifications:
    - target: {fileID: 4552296966494122, guid: 21ed71ca4f48194489793f4d15fe4412, type: 2}
      propertyPath: m_LocalPosition.x
      value: 0.12
      objectReference: {fileID: 0}
    - target: {fileID: 4552296966494122, guid: 21ed71ca4f48194489793f4d15fe4412, type: 2}
      propertyPath: m_LocalPosition.y
      value: 3.1
      objectReference: {fileID: 0}
    - target: {fileID: 4552296966494122, guid: 21ed71ca4f48194489793f4d15fe4412, type: 2}
      propertyPath: m_LocalPosition.z
      value: 0.082060575
      objectReference: {fileID: 0}
    - target: {fileID: 4552296966494122, guid: 21ed71ca4f48194489793f4d15fe4412, type: 2}
      propertyPath: m_LocalRotation.x
      value: 0
      objectReference: {fileID: 0}
    - target: {fileID: 4552296966494122, guid: 21ed71ca4f48194489793f4d15fe4412, type: 2}
      propertyPath: m_LocalRotation.y
      value: 0
      objectReference: {fileID: 0}
    - target: {fileID: 4552296966494122, guid: 21ed71ca4f48194489793f4d15fe4412, type: 2}
      propertyPath: m_LocalRotation.z
      value: 0
      objectReference: {fileID: 0}
    - target: {fileID: 4552296966494122, guid: 21ed71ca4f48194489793f4d15fe4412, type: 2}
      propertyPath: m_LocalRotation.w
      value: 1
      objectReference: {fileID: 0}
    - target: {fileID: 4552296966494122, guid: 21ed71ca4f48194489793f4d15fe4412, type: 2}
      propertyPath: m_RootOrder
      value: 3
      objectReference: {fileID: 0}
    - target: {fileID: 4552296966494122, guid: 21ed71ca4f48194489793f4d15fe4412, type: 2}
      propertyPath: m_LocalEulerAnglesHint.z
      value: 0
      objectReference: {fileID: 0}
    - target: {fileID: 4552296966494122, guid: 21ed71ca4f48194489793f4d15fe4412, type: 2}
      propertyPath: m_LocalScale.x
      value: 0.25000006
      objectReference: {fileID: 0}
    - target: {fileID: 4552296966494122, guid: 21ed71ca4f48194489793f4d15fe4412, type: 2}
      propertyPath: m_LocalScale.y
      value: 0.25000006
      objectReference: {fileID: 0}
    - target: {fileID: 4552296966494122, guid: 21ed71ca4f48194489793f4d15fe4412, type: 2}
      propertyPath: m_LocalScale.z
      value: 0.16412115
      objectReference: {fileID: 0}
    - target: {fileID: 114753968936727486, guid: 21ed71ca4f48194489793f4d15fe4412,
        type: 2}
      propertyPath: cannonBall
      value: 
      objectReference: {fileID: 165771542}
    - target: {fileID: 114753968936727486, guid: 21ed71ca4f48194489793f4d15fe4412,
        type: 2}
      propertyPath: launchForce
      value: 17
      objectReference: {fileID: 0}
    - target: {fileID: 4030609353750642, guid: 21ed71ca4f48194489793f4d15fe4412, type: 2}
      propertyPath: m_LocalRotation.x
      value: 0
      objectReference: {fileID: 0}
    - target: {fileID: 4030609353750642, guid: 21ed71ca4f48194489793f4d15fe4412, type: 2}
      propertyPath: m_LocalRotation.y
      value: 0
      objectReference: {fileID: 0}
    - target: {fileID: 4030609353750642, guid: 21ed71ca4f48194489793f4d15fe4412, type: 2}
      propertyPath: m_LocalRotation.z
      value: 0
      objectReference: {fileID: 0}
    - target: {fileID: 4030609353750642, guid: 21ed71ca4f48194489793f4d15fe4412, type: 2}
      propertyPath: m_LocalRotation.w
      value: 1
      objectReference: {fileID: 0}
    - target: {fileID: 4030609353750642, guid: 21ed71ca4f48194489793f4d15fe4412, type: 2}
      propertyPath: m_LocalEulerAnglesHint.z
      value: 0
      objectReference: {fileID: 0}
    m_RemovedComponents: []
  m_ParentPrefab: {fileID: 100100000, guid: 21ed71ca4f48194489793f4d15fe4412, type: 2}
  m_IsPrefabParent: 0
--- !u!4 &2095669769 stripped
Transform:
  m_PrefabParentObject: {fileID: 4906715402886134, guid: 6c78dc65e0c75934198a0b7656f9028b,
    type: 2}
  m_PrefabInternal: {fileID: 1143568576}
--- !u!1 &2131173862
GameObject:
  m_ObjectHideFlags: 0
  m_PrefabParentObject: {fileID: 1928641757528180, guid: 448e285041b53244fba55fa93a600269,
    type: 2}
  m_PrefabInternal: {fileID: 0}
  serializedVersion: 5
  m_Component:
  - component: {fileID: 2131173863}
  - component: {fileID: 2131173867}
  - component: {fileID: 2131173866}
  - component: {fileID: 2131173865}
  - component: {fileID: 2131173864}
  m_Layer: 0
  m_Name: Planet (3)
  m_TagString: planet
  m_Icon: {fileID: 0}
  m_NavMeshLayer: 0
  m_StaticEditorFlags: 0
  m_IsActive: 1
--- !u!4 &2131173863
Transform:
  m_ObjectHideFlags: 0
  m_PrefabParentObject: {fileID: 4417474711861706, guid: 448e285041b53244fba55fa93a600269,
    type: 2}
  m_PrefabInternal: {fileID: 0}
  m_GameObject: {fileID: 2131173862}
  m_LocalRotation: {x: -0, y: -0, z: -0, w: 1}
  m_LocalPosition: {x: -3.63, y: 0.21, z: -0.5}
  m_LocalScale: {x: 1, y: 1, z: 6.09306}
  m_Children:
  - {fileID: 1942062592}
  - {fileID: 1383455887}
  - {fileID: 1783451329}
  - {fileID: 1905189356}
  m_Father: {fileID: 336377818}
  m_RootOrder: 2
  m_LocalEulerAnglesHint: {x: 0, y: 0, z: 0}
--- !u!114 &2131173864
MonoBehaviour:
  m_ObjectHideFlags: 0
  m_PrefabParentObject: {fileID: 114969807531499336, guid: 448e285041b53244fba55fa93a600269,
    type: 2}
  m_PrefabInternal: {fileID: 0}
  m_GameObject: {fileID: 2131173862}
  m_Enabled: 1
  m_EditorHideFlags: 0
  m_Script: {fileID: 11500000, guid: fc081222843dfbc46ab3f8edd22ae488, type: 3}
  m_Name: 
  m_EditorClassIdentifier: 
  gravity_acceleration: 30
--- !u!114 &2131173865
MonoBehaviour:
  m_ObjectHideFlags: 0
  m_PrefabParentObject: {fileID: 114927523861956234, guid: 448e285041b53244fba55fa93a600269,
    type: 2}
  m_PrefabInternal: {fileID: 0}
  m_GameObject: {fileID: 2131173862}
  m_Enabled: 1
  m_EditorHideFlags: 0
  m_Script: {fileID: 0}
  m_Name: 
  m_EditorClassIdentifier: 
--- !u!212 &2131173866
SpriteRenderer:
  m_ObjectHideFlags: 0
  m_PrefabParentObject: {fileID: 212022949929097758, guid: 448e285041b53244fba55fa93a600269,
    type: 2}
  m_PrefabInternal: {fileID: 0}
  m_GameObject: {fileID: 2131173862}
  m_Enabled: 1
  m_CastShadows: 0
  m_ReceiveShadows: 0
  m_DynamicOccludee: 1
  m_MotionVectors: 1
  m_LightProbeUsage: 1
  m_ReflectionProbeUsage: 1
  m_Materials:
  - {fileID: 10754, guid: 0000000000000000f000000000000000, type: 0}
  m_StaticBatchInfo:
    firstSubMesh: 0
    subMeshCount: 0
  m_StaticBatchRoot: {fileID: 0}
  m_ProbeAnchor: {fileID: 0}
  m_LightProbeVolumeOverride: {fileID: 0}
  m_ScaleInLightmap: 1
  m_PreserveUVs: 0
  m_IgnoreNormalsForChartDetection: 0
  m_ImportantGI: 0
  m_StitchLightmapSeams: 0
  m_SelectedEditorRenderState: 0
  m_MinimumChartSize: 4
  m_AutoUVMaxDistance: 0.5
  m_AutoUVMaxAngle: 89
  m_LightmapParameters: {fileID: 0}
  m_SortingLayerID: 0
  m_SortingLayer: 0
  m_SortingOrder: 0
  m_Sprite: {fileID: 21300028, guid: 1ea05ceaa885d0c4bb62b2651aeaeef9, type: 3}
  m_Color: {r: 1, g: 1, b: 1, a: 1}
  m_FlipX: 0
  m_FlipY: 0
  m_DrawMode: 0
  m_Size: {x: 5.12, y: 5.12}
  m_AdaptiveModeThreshold: 0.5
  m_SpriteTileMode: 0
  m_WasSpriteAssigned: 1
  m_MaskInteraction: 0
--- !u!58 &2131173867
CircleCollider2D:
  m_ObjectHideFlags: 0
  m_PrefabParentObject: {fileID: 58087539310761866, guid: 448e285041b53244fba55fa93a600269,
    type: 2}
  m_PrefabInternal: {fileID: 0}
  m_GameObject: {fileID: 2131173862}
  m_Enabled: 1
  m_Density: 1
  m_Material: {fileID: 6200000, guid: 9e689614f67d99b43bbc4b122cac7131, type: 2}
  m_IsTrigger: 0
  m_UsedByEffector: 0
  m_UsedByComposite: 0
  m_Offset: {x: -0.0013530732, y: -0.04447174}
  serializedVersion: 2
  m_Radius: 2.4455903
